2250 3761
534 134 684 212 «44
821 113 1022 199 ΜΒ.
1091 109 1239 188 ΙΧ.
1301 109 1533 189 ΟΜ».
1586 111 1732 191 IV:

531 252 750 335 atque
777 231 848 307 in
878 230 1072 307 omni
1092 229 1398 330 palaestra
1418 282 1446 319 ‚
1491 231 1660 332 quid
1685 231 1845 310 satis
1866 228 2088 314 reik&

535 350 827 414 cavetur
849 356 931 406 ac
963 331 1226 445 petitur
1247 386 1272 424 ‚
1307 329 1422 406 cui
1446 356 1595 405 non
1617 332 1873 408 artifex
1902 361 2084 412 mo·

532 449 645 507 tus
665 487 688 524 ,
718 435 797 506 &
823 449 998 505 cern
1021 429 1305 529 quidam
1324 430 1541 528 pedes
1566 431 1782 505 adfint
1800 436 1828 507 ἒ
1849 436 2075 528 Qua-

530 553 611 606 re
646 529 822 603 mihi
868 527 1378 629 compositione
1424 528 1631 605 velut
1676 563 1707 592 a
1757 533 2079 609 amentis

527 627 940 727 quibusdam
983 627 1312 704 nervisve
1360 626 1630 702 intendi
1676 629 1754 702 &
1802 633 2074 715 conci-2

527 726 665 801 tari
697 726 1055 802 sententiae
1094 727 1452 802 videntur.

621 827 820 901 Into
863 825 1316 901 eruditiffimo
1357 824 1614 925 cuique
1648 825 2058 923 persuasum

522 923 671 1018 est,
704 924 946 1001 valere
980 949 1139 999 eam
1169 923 1381 1024 quem
1429 924 1852 1022 plurimum,
1899 952 2056 1001 non

523 1023 616 1099 ad
641 1022 1178 1098 delestationem
1206 1021 1425 1098 modo
1450 1078 1473 1114 ‚
1509 1023 1627 1097 sed
1652 1025 1738 1096 ad
1764 1042 2051 1098 motum

522 1146 813 1222 quoque
836 1120 1253 1196 animorum.
1290 1121 1596 1194 Primum
1619 1176 1643 1214 ‚
1669 1120 1833 1220 quia
1864 1122 2052 1198 nihil

517 1219 781 1294 intrare
804 1218 1031 1319 potest
1057 1218 1131 1293 in
1157 1219 1476 1294 affeEtum
1493 1275 1516 1312 ,
1547 1221 1739 1321 quod
1765 1219 1838 1291 in
1860 1244 2052 1295 aure

518 1319 718 1394 velut
749 1318 1060 1419 quodam
1082 1318 1433 1396 vestibulo
1456 1318 1686 1393 statim
1717 1316 2043 1393 offendit.

515 1415 806 1495 Deinde
857 1419 1050 1518 quod
1095 1418 1348 1493 natura
1388 1417 1709 1494 ducimur
1752 1417 1838 1492 ad
1887 1441 2053 1490 mo-

513 1515 674 1592 dos.
708 1517 963 1617 Neque
1000 1517 1190 1593 enim
1212 1517 1418 1593 aliter
1446 1517 1807 1608 eveniret,
1830 1531 1908 1589 ut
1931 1514 2035 1589 illi

512 1637 807 1714 quoque
866 1639 1294 1715 organorum
1349 1613 1498 1686 soni
1532 1670 1558 1706 ,
1627 1639 2041 1724 quanquam

512 1713 739 1790 verba
789 1736 931 1785 non
977 1713 1419 1808 exprimunt,
1461 1710 1534 1780 in
1576 1710 1751 1782 ahos
1795 1729 2046 1787 tamen

514 1825 730 1908 atque
766 1808 947 1880 alios
974 1828 1212 1883 motus
1245 1809 1584 1883 ducerent
1607 1806 2041 1900 auditorem,

512 1909 594 1982 In
625 1904 1123 1980 certaminibus
1152 1907 1361 1980 sacris
1377 1930 1525 1980 non
1552 1906 1801 1982 eadem
1822 1903 2041 1984 ratioss

508 2029 603 2078 ne
630 2003 988 2078 concitant
1022 2005 1294 2079 animos
1335 2030 1417 2080 ac
1443 2005 1853 2080 remittunt:
1897 2032 2037 2087 nee

510 2100 800 2176 eosdem
839 2102 1095 2176 modos
1142 2103 1474 2177 adhibent
1501 2104 1660 2177 cum
1695 2103 2032 2180 bellicum

506 2200 613 2274 est
634 2199 1024 2276 canendum
1050 2254 1073 2292 ‚
1105 2199 1186 2272 &
1227 2201 1384 2275 cum
1415 2201 1642 2299 pofito
1667 2226 1854 2300 genu
1877 2202 2029 2300 sup·

509 2298 911 2400 plicandurn
936 2327 954 2373 r
993 2323 1125 2373 nee
1148 2297 1337 2372 idem
1357 2297 1702 2397 signorum
1729 2326 2027 2378 concen-

510 2417 625 2473 tus
650 2398 749 2472 est
772 2397 1205 2497 procedente
1230 2397 1318 2471 ad
1339 2397 1650 2496 praelium
1672 2397 1979 2473 exercitu
1994 2451 2023 2491 ,

511 2496 702 2572 idem
726 2496 1045 2596 receptui
1064 2519 1370 2571 carmen.
1392 2495 1618 2597 Pytha
1664 2496 1852 2573 oreis
1878 2521 2021 2596 cer-

509 2595 584 2670 te
612 2594 834 2668 moris
854 2595 983 2668 fuit
1002 2650 1026 2688 ,
1064 2596 1143 2667 &
1168 2596 1328 2667 cum
1365 2594 1618 2694 evigila
1674 2611 1793 2670 ent
1813 2649 1838 2687 ,
1869 2592 2021 2669 ani-

507 2693 665 2765 mos
690 2694 780 2764 ad
813 2693 1042 2791 lyram
1078 2693 1391 2765 excitare
1415 2741 1443 2778 ‚
1479 2718 1624 2791 quo
1649 2693 1883 2767 -efl‘ent
1928 2692 2018 2767 ad

505 2789 851 2887 agendum
903 2788 1281 2863 ereEtiores
1314 2814 1341 2877 3
1376 2792 1454 2865 &
1503 2791 1661 2865 cum
1702 2792 2018 2867 somnum

505 2900 868 2990 peterent,
901 2887 989 2961 ad
1039 2886 1333 2963 eandem
1359 2887 1552 2987 prius
1577 2891 1794 2965 lenire
1818 2913 2014 2988 ‘men-

516 3117 531 3126 ,
573 3085 606 3118 a
648 3068 900 3121 Amemum
920 3105 939 3133 ,
970 3068 1219 3121 vinculum
1248 3087 1348 3139 quo
1375 3070 1510 3122 hasta
1557 3070 1712 3126 media
1743 3069 1918 3137 ligatur
1957 3069 2012 3120 δε

504 3132 769 3201 torquetur.
799 3134 1096 3203 Amentaque
1115 3150 1361 3202 torquent.
1396 3152 1446 3197 9.
1480 3134 1594 3189 AEn.
1622 3142 1746 3201 665.

1853 3210 2007 3289 tes;
