<?xml version="1.0" encoding="UTF-8"?>
<!DOCTYPE html PUBLIC "-//W3C//DTD XHTML 1.0 Transitional//EN"
    "http://www.w3.org/TR/xhtml1/DTD/xhtml1-transitional.dtd">
<html xmlns="http://www.w3.org/1999/xhtml" xml:lang="en" lang="en">
 <head>
  <title>
</title>
<meta http-equiv="Content-Type" content="text/html;charset=utf-8" />
  <meta name='ocr-system' content='tesseract 3.04.00' />
  <meta name='ocr-capabilities' content='ocr_page ocr_carea ocr_par ocr_line ocrx_word'/>
</head>
<body>
  <div class='ocr_page' id='page_1' title='image "./marcifabiiquint00quingoog_0322.png"; bbox 0 0 2250 3761; ppageno 0'>
   <div class='ocr_carea' id='block_1_1' title="bbox 484 44 1765 206">
    <p class='ocr_par' dir='ltr' id='par_1_1' title="bbox 484 44 1765 206">
     <span class='ocr_line' id='line_1_1' title="bbox 484 44 1765 206; baseline -0.001 -24"><span class='ocrx_word' id='word_1_1' title='bbox 484 109 626 206; x_wconf 84' lang='lat'>316</span> <span class='ocrx_word' id='word_1_2' title='bbox 821 44 1030 179; x_wconf 15' lang='lat' dir='ltr'>Lm..</span> <span class='ocrx_word' id='word_1_3' title='bbox 1080 103 1229 179; x_wconf 90' lang='lat' dir='ltr'>XI.</span> <span class='ocrx_word' id='word_1_4' title='bbox 1283 105 1510 181; x_wconf 59' lang='lat' dir='ltr'>Cim</span> <span class='ocrx_word' id='word_1_5' title='bbox 1550 104 1720 181; x_wconf 87' lang='lat'>.111.·</span> <span class='ocrx_word' id='word_1_6' title='bbox 1764 144 1765 149; x_wconf 12' lang='grc' dir='ltr'><strong><em>Ν</em></strong></span> 
     </span>
    </p>
   </div>
   <div class='ocr_carea' id='block_1_2' title="bbox 363 223 2017 3159">
    <p class='ocr_par' dir='ltr' id='par_1_2' title="bbox 473 223 2017 811">
     <span class='ocr_line' id='line_1_2' title="bbox 478 223 2017 322; baseline 0.005 -25"><span class='ocrx_word' id='word_1_7' title='bbox 478 226 670 298; x_wconf 80' lang='lat' dir='ltr'>nulla</span> <span class='ocrx_word' id='word_1_8' title='bbox 696 242 847 296; x_wconf 87' lang='lat' dir='ltr'>arte</span> <span class='ocrx_word' id='word_1_9' title='bbox 875 224 1218 298; x_wconf 83' lang='lat' dir='ltr'><strong>vincatur.</strong></span> <span class='ocrx_word' id='word_1_10' title='bbox 1243 224 1380 296; x_wconf 87' lang='lat' dir='ltr'>Sed</span> <span class='ocrx_word' id='word_1_11' title='bbox 1405 248 1495 296; x_wconf 87' lang='lat' dir='ltr'>ne</span> <span class='ocrx_word' id='word_1_12' title='bbox 1518 246 1667 299; x_wconf 85' lang='lat' dir='ltr'>vox</span> <span class='ocrx_word' id='word_1_13' title='bbox 1700 223 2017 322; x_wconf 75' lang='lat' dir='ltr'>quidem</span> 
     </span>
     <span class='ocr_line' id='line_1_3' title="bbox 477 321 2011 421; baseline 0.001 -26"><span class='ocrx_word' id='word_1_14' title='bbox 477 323 616 395; x_wconf 86' lang='lat' dir='ltr'>nifi.</span> <span class='ocrx_word' id='word_1_15' title='bbox 663 322 970 407; x_wconf 79' lang='lat' dir='ltr'>liberalis</span> <span class='ocrx_word' id='word_1_16' title='bbox 1010 374 1029 402; x_wconf 90' lang='lat'>‚</span> <span class='ocrx_word' id='word_1_17' title='bbox 1082 322 1423 394; x_wconf 75' lang='lat' dir='ltr'>afflonem</span> <span class='ocrx_word' id='word_1_18' title='bbox 1477 321 1744 396; x_wconf 86' lang='lat' dir='ltr'>habere</span> <span class='ocrx_word' id='word_1_19' title='bbox 1803 324 2011 421; x_wconf 83' lang='lat' dir='ltr'>opti-</span> 
     </span>
     <span class='ocr_line' id='line_1_4' title="bbox 479 417 2007 519; baseline 0.001 -26"><span class='ocrx_word' id='word_1_20' title='bbox 479 445 667 493; x_wconf 86' lang='lat' dir='ltr'>mam</span> <span class='ocrx_word' id='word_1_21' title='bbox 714 420 962 517; x_wconf 88' lang='lat' dir='ltr'>potest.</span> <span class='ocrx_word' id='word_1_22' title='bbox 1022 420 1216 491; x_wconf 63' lang='lat' dir='ltr'>Bona</span> <span class='ocrx_word' id='word_1_23' title='bbox 1238 419 1441 491; x_wconf 77' lang='lat' dir='ltr'>enim</span> <span class='ocrx_word' id='word_1_24' title='bbox 1472 417 1817 519; x_wconf 59' lang='lat' dir='ltr'>firmaque</span> <span class='ocrx_word' id='word_1_25' title='bbox 1845 475 1870 514; x_wconf 88' lang='lat'>‚</span> <span class='ocrx_word' id='word_1_26' title='bbox 1916 438 2007 494; x_wconf 84' lang='lat' dir='ltr'>ut</span> 
     </span>
     <span class='ocr_line' id='line_1_5' title="bbox 475 515 2005 608; baseline 0 -16"><span class='ocrx_word' id='word_1_27' title='bbox 475 520 848 608; x_wconf 76' lang='lat' dir='ltr'>volumuS‚</span> <span class='ocrx_word' id='word_1_28' title='bbox 894 515 997 589; x_wconf 89' lang='lat' dir='ltr'>uti</span> <span class='ocrx_word' id='word_1_29' title='bbox 1018 516 1229 591; x_wconf 86' lang='lat' dir='ltr'>licet:</span> <span class='ocrx_word' id='word_1_30' title='bbox 1262 517 1445 588; x_wconf 87' lang='lat' dir='ltr'>mala</span> <span class='ocrx_word' id='word_1_31' title='bbox 1481 516 1600 591; x_wconf 90' lang='lat' dir='ltr'>vel</span> <span class='ocrx_word' id='word_1_32' title='bbox 1634 517 2005 593; x_wconf 83' lang='lat' dir='ltr'>imbecilla</span> 
     </span>
     <span class='ocr_line' id='line_1_6' title="bbox 476 613 2003 708; baseline 0.002 -20"><span class='ocrx_word' id='word_1_33' title='bbox 476 619 559 688; x_wconf 89' lang='lat'>&amp;</span> <span class='ocrx_word' id='word_1_34' title='bbox 604 615 874 688; x_wconf 88' lang='lat' dir='ltr'>inhibet</span> <span class='ocrx_word' id='word_1_35' title='bbox 907 614 1170 706; x_wconf 88' lang='lat' dir='ltr'>multa,</span> <span class='ocrx_word' id='word_1_36' title='bbox 1211 631 1288 685; x_wconf 92' lang='lat' dir='ltr'>ut</span> <span class='ocrx_word' id='word_1_37' title='bbox 1322 613 1509 686; x_wconf 88' lang='lat' dir='ltr'>insur</span> <span class='ocrx_word' id='word_1_38' title='bbox 1553 638 1677 687; x_wconf 90' lang='lat' dir='ltr'>ere</span> <span class='ocrx_word' id='word_1_39' title='bbox 1699 670 1724 708; x_wconf 88' lang='lat'><strong>,</strong></span> <span class='ocrx_word' id='word_1_40' title='bbox 1751 618 2003 694; x_wconf 78' lang='lat' dir='ltr'>excla-</span> 
     </span>
     <span class='ocr_line' id='line_1_7' title="bbox 473 710 1986 811; baseline 0.003 -27"><span class='ocrx_word' id='word_1_41' title='bbox 473 737 666 786; x_wconf 89' lang='lat' dir='ltr'>mare</span> <span class='ocrx_word' id='word_1_42' title='bbox 696 740 719 800; x_wconf 90' lang='lat'>;</span> <span class='ocrx_word' id='word_1_43' title='bbox 775 715 852 784; x_wconf 89' lang='lat'><strong>&amp;</strong></span> <span class='ocrx_word' id='word_1_44' title='bbox 879 713 1112 811; x_wconf 84' lang='lat' dir='ltr'>aliqua</span> <span class='ocrx_word' id='word_1_45' title='bbox 1141 710 1366 808; x_wconf 85' lang='lat' dir='ltr'>cogit,</span> <span class='ocrx_word' id='word_1_46' title='bbox 1398 728 1478 783; x_wconf 93' lang='lat' dir='ltr'>ut</span> <span class='ocrx_word' id='word_1_47' title='bbox 1537 715 1986 807; x_wconf 85' lang='lat' dir='ltr'>ummittere,</span> 
     </span>
    </p>

    <p class='ocr_par' dir='ltr' id='par_1_3' title="bbox 466 807 1993 1102">
     <span class='ocr_line' id='line_1_8' title="bbox 471 807 1993 900; baseline 0.003 -18"><span class='ocrx_word' id='word_1_48' title='bbox 471 810 840 883; x_wconf 69' lang='lat' dir='ltr'>desseEtere</span> <span class='ocrx_word' id='word_1_49' title='bbox 862 863 884 900; x_wconf 88' lang='lat'><strong>,</strong></span> <span class='ocrx_word' id='word_1_50' title='bbox 908 814 984 884; x_wconf 88' lang='lat'>&amp;</span> <span class='ocrx_word' id='word_1_51' title='bbox 1006 834 1250 883; x_wconf 88' lang='lat' dir='ltr'>raucas</span> <span class='ocrx_word' id='word_1_52' title='bbox 1266 807 1505 884; x_wconf 85' lang='lat' dir='ltr'>fauces</span> <span class='ocrx_word' id='word_1_53' title='bbox 1521 810 1807 885; x_wconf 85' lang='lat' dir='ltr'>aelatus</span> <span class='ocrx_word' id='word_1_54' title='bbox 1829 812 1993 886; x_wconf 81' lang='lat' dir='ltr'>fati-</span> 
     </span>
     <span class='ocr_line' id='line_1_9' title="bbox 467 906 1990 1006; baseline 0.003 -26"><span class='ocrx_word' id='word_1_55' title='bbox 467 914 709 1006; x_wconf 86' lang='lat' dir='ltr'>gatum</span> <span class='ocrx_word' id='word_1_56' title='bbox 761 907 1060 980; x_wconf 85' lang='lat' dir='ltr'>deformi</span> <span class='ocrx_word' id='word_1_57' title='bbox 1120 906 1404 979; x_wconf 88' lang='lat' dir='ltr'>cantico</span> <span class='ocrx_word' id='word_1_58' title='bbox 1455 907 1763 983; x_wconf 84' lang='lat' dir='ltr'>reficere.</span> <span class='ocrx_word' id='word_1_59' title='bbox 1836 911 1990 984; x_wconf 86' lang='lat' dir='ltr'>Sed</span> 
     </span>
     <span class='ocr_line' id='line_1_10' title="bbox 466 1003 1980 1102; baseline 0.002 -25"><span class='ocrx_word' id='word_1_60' title='bbox 466 1031 604 1078; x_wconf 88' lang='lat' dir='ltr'>nos</span> <span class='ocrx_word' id='word_1_61' title='bbox 633 1007 721 1078; x_wconf 90' lang='lat' dir='ltr'>de</span> <span class='ocrx_word' id='word_1_62' title='bbox 752 1029 841 1089; x_wconf 84' lang='lat' dir='ltr'>eo</span> <span class='ocrx_word' id='word_1_63' title='bbox 870 1028 1053 1077; x_wconf 88' lang='lat' dir='ltr'>nunc</span> <span class='ocrx_word' id='word_1_64' title='bbox 1093 1003 1453 1102; x_wconf 86' lang='lat' dir='ltr'>loquimur</span> <span class='ocrx_word' id='word_1_65' title='bbox 1471 1059 1496 1098; x_wconf 89' lang='lat'>‚</span> <span class='ocrx_word' id='word_1_66' title='bbox 1521 1004 1639 1079; x_wconf 88' lang='lat' dir='ltr'>cui</span> <span class='ocrx_word' id='word_1_67' title='bbox 1658 1029 1797 1078; x_wconf 87' lang='lat' dir='ltr'>non</span> <span class='ocrx_word' id='word_1_68' title='bbox 1821 1005 1980 1080; x_wconf 88' lang='lat' dir='ltr'>fru-</span> 
     </span>
    </p>

    <p class='ocr_par' dir='ltr' id='par_1_4' title="bbox 466 1102 1046 1201">
     <span class='ocr_line' id='line_1_11' title="bbox 466 1102 1046 1201; baseline 0.003 -27"><span class='ocrx_word' id='word_1_69' title='bbox 466 1103 598 1176; x_wconf 86' lang='lat' dir='ltr'>stra</span> <span class='ocrx_word' id='word_1_70' title='bbox 625 1102 1046 1201; x_wconf 81' lang='lat' dir='ltr'>praecipitur.</span> 
     </span>
    </p>

    <p class='ocr_par' dir='ltr' id='par_1_5' title="bbox 363 1199 1986 1861">
     <span class='ocr_line' id='line_1_12' title="bbox 564 1199 1982 1296; baseline 0.001 -23"><span class='ocrx_word' id='word_1_71' title='bbox 564 1204 746 1275; x_wconf 71' lang='lat' dir='ltr'>Ctuvi</span> <span class='ocrx_word' id='word_1_72' title='bbox 774 1201 853 1273; x_wconf 82' lang='lat' dir='ltr'>fit</span> <span class='ocrx_word' id='word_1_73' title='bbox 878 1218 1113 1273; x_wconf 86' lang='lat' dir='ltr'>autem</span> <span class='ocrx_word' id='word_1_74' title='bbox 1139 1200 1365 1273; x_wconf 85' lang='lat' dir='ltr'>omnis</span> <span class='ocrx_word' id='word_1_75' title='bbox 1402 1199 1582 1273; x_wconf 65' lang='lat' dir='ltr'>affio&#39;</span> <span class='ocrx_word' id='word_1_76' title='bbox 1598 1249 1630 1288; x_wconf 88' lang='lat'>,</span> <span class='ocrx_word' id='word_1_77' title='bbox 1676 1217 1762 1274; x_wconf 61' lang='lat' dir='ltr'>,ut</span> <span class='ocrx_word' id='word_1_78' title='bbox 1785 1201 1930 1274; x_wconf 73' lang='lat' dir='ltr'>dixi</span> <span class='ocrx_word' id='word_1_79' title='bbox 1949 1225 1982 1296; x_wconf 55' lang='grc' dir='ltr'>ῥ’</span> 
     </span>
     <span class='ocr_line' id='line_1_13' title="bbox 461 1297 1986 1396; baseline 0 -25"><span class='ocrx_word' id='word_1_80' title='bbox 461 1297 534 1371; x_wconf 85' lang='lat' dir='ltr'>in</span> <span class='ocrx_word' id='word_1_81' title='bbox 572 1302 741 1372; x_wconf 88' lang='lat' dir='ltr'>duas</span> <span class='ocrx_word' id='word_1_82' title='bbox 769 1299 991 1374; x_wconf 86' lang='lat' dir='ltr'>divisa</span> <span class='ocrx_word' id='word_1_83' title='bbox 1037 1317 1270 1396; x_wconf 90' lang='lat' dir='ltr'>partes</span> <span class='ocrx_word' id='word_1_84' title='bbox 1292 1352 1317 1390; x_wconf 88' lang='lat'><strong>,</strong></span> <span class='ocrx_word' id='word_1_85' title='bbox 1357 1322 1607 1374; x_wconf 89' lang='lat' dir='ltr'>vocem</span> <span class='ocrx_word' id='word_1_86' title='bbox 1630 1350 1652 1387; x_wconf 89' lang='lat'><strong>,</strong></span> <span class='ocrx_word' id='word_1_87' title='bbox 1680 1299 1986 1396; x_wconf 58' lang='lat' dir='ltr'>gestiunss</span> 
     </span>
     <span class='ocr_line' id='line_1_14' title="bbox 462 1395 1980 1494; baseline 0.004 -28"><span class='ocrx_word' id='word_1_88' title='bbox 462 1421 602 1492; x_wconf 86' lang='lat' dir='ltr'>que</span> <span class='ocrx_word' id='word_1_89' title='bbox 625 1423 640 1467; x_wconf 92' lang='lat'><strong>:</strong></span> <span class='ocrx_word' id='word_1_90' title='bbox 674 1421 974 1494; x_wconf 88' lang='lat' dir='ltr'>quorum</span> <span class='ocrx_word' id='word_1_91' title='bbox 996 1398 1176 1469; x_wconf 89' lang='lat' dir='ltr'>alter</span> <span class='ocrx_word' id='word_1_92' title='bbox 1198 1396 1444 1468; x_wconf 88' lang='lat' dir='ltr'>oculos</span> <span class='ocrx_word' id='word_1_93' title='bbox 1460 1444 1486 1479; x_wconf 88' lang='lat'><strong><em>,</em></strong></span> <span class='ocrx_word' id='word_1_94' title='bbox 1520 1395 1742 1469; x_wconf 87' lang='lat' dir='ltr'>altera</span> <span class='ocrx_word' id='word_1_95' title='bbox 1760 1422 1980 1472; x_wconf 88' lang='lat' dir='ltr'>aures·</span> 
     </span>
     <span class='ocr_line' id='line_1_15' title="bbox 458 1491 1975 1592; baseline 0.004 -30"><span class='ocrx_word' id='word_1_96' title='bbox 458 1512 709 1567; x_wconf 87' lang='lat' dir='ltr'>movet</span> <span class='ocrx_word' id='word_1_97' title='bbox 734 1547 755 1577; x_wconf 91' lang='lat'><strong><em>,</em></strong></span> <span class='ocrx_word' id='word_1_98' title='bbox 793 1519 918 1592; x_wconf 89' lang='lat' dir='ltr'>per</span> <span class='ocrx_word' id='word_1_99' title='bbox 941 1517 1120 1592; x_wconf 90' lang='lat' dir='ltr'>quos</span> <span class='ocrx_word' id='word_1_100' title='bbox 1150 1493 1329 1566; x_wconf 89' lang='lat' dir='ltr'>duos</span> <span class='ocrx_word' id='word_1_101' title='bbox 1362 1491 1590 1566; x_wconf 87' lang='lat' dir='ltr'>sensus</span> <span class='ocrx_word' id='word_1_102' title='bbox 1616 1495 1849 1568; x_wconf 87' lang='lat' dir='ltr'>omnis</span> <span class='ocrx_word' id='word_1_103' title='bbox 1874 1496 1975 1568; x_wconf 80' lang='lat' dir='ltr'>ad-</span> 
     </span>
     <span class='ocr_line' id='line_1_16' title="bbox 462 1590 1973 1689; baseline 0.004 -29"><span class='ocrx_word' id='word_1_104' title='bbox 462 1591 765 1664; x_wconf 82' lang='lat' dir='ltr'>animum</span> <span class='ocrx_word' id='word_1_105' title='bbox 814 1606 1132 1689; x_wconf 84' lang='lat' dir='ltr'>penetrat</span> <span class='ocrx_word' id='word_1_106' title='bbox 1164 1590 1485 1681; x_wconf 66' lang='lat' dir='ltr'>affeetus,</span> <span class='ocrx_word' id='word_1_107' title='bbox 1522 1590 1844 1685; x_wconf 83' lang='lat' dir='ltr'>priusest</span> <span class='ocrx_word' id='word_1_108' title='bbox 1871 1593 1973 1666; x_wconf 79' lang='lat' dir='ltr'>de</span> 
     </span>
     <span class='ocr_line' id='line_1_17' title="bbox 363 1687 1956 1787; baseline 0.001 -27"><span class='ocrx_word' id='word_1_109' title='bbox 363 1697 367 1700; x_wconf 79' lang='grc'><strong>’</strong></span> <span class='ocrx_word' id='word_1_110' title='bbox 457 1713 646 1762; x_wconf 91' lang='lat' dir='ltr'>voce</span> <span class='ocrx_word' id='word_1_111' title='bbox 694 1689 922 1766; x_wconf 87' lang='lat' dir='ltr'>dicere</span> <span class='ocrx_word' id='word_1_112' title='bbox 944 1744 970 1784; x_wconf 87' lang='lat'>,</span> <span class='ocrx_word' id='word_1_113' title='bbox 1012 1689 1125 1765; x_wconf 89' lang='lat' dir='ltr'>cui</span> <span class='ocrx_word' id='word_1_114' title='bbox 1166 1687 1381 1764; x_wconf 87' lang='lat' dir='ltr'>etiam</span> <span class='ocrx_word' id='word_1_115' title='bbox 1416 1687 1644 1787; x_wconf 86' lang='lat' dir='ltr'>gestus</span> <span class='ocrx_word' id='word_1_116' title='bbox 1679 1714 1956 1766; x_wconf 82' lang='lat' dir='ltr'>accom-</span> 
     </span>
     <span class='ocr_line' id='line_1_18' title="bbox 459 1789 1967 1861; baseline 0.006 -5"><span class='ocrx_word' id='word_1_117' title='bbox 459 1789 812 1861; x_wconf 85' lang='lat' dir='ltr'>modatur.</span> <span class='ocrx_word' id='word_1_118' title='bbox 991 1828 994 1831; x_wconf 41' lang='lat'>1</span> <span class='ocrx_word' id='word_1_119' title='bbox 1932 1819 1967 1852; x_wconf 54' lang='grc' dir='ltr'>ν·</span> 
     </span>
    </p>

    <p class='ocr_par' dir='ltr' id='par_1_6' title="bbox 454 1885 1972 2081">
     <span class='ocr_line' id='line_1_19' title="bbox 556 1885 1972 1985; baseline 0.006 -31"><span class='ocrx_word' id='word_1_120' title='bbox 556 1888 652 1958; x_wconf 92' lang='grc' dir='ltr'>ΙΙ.</span> <span class='ocrx_word' id='word_1_121' title='bbox 685 1887 780 1957; x_wconf 89' lang='grc' dir='ltr'>ΙΝ</span> <span class='ocrx_word' id='word_1_122' title='bbox 805 1886 934 1959; x_wconf 86' lang='grc' dir='ltr'>ΕΑ</span> <span class='ocrx_word' id='word_1_123' title='bbox 952 1885 1176 1983; x_wconf 83' lang='lat' dir='ltr'>prima</span> <span class='ocrx_word' id='word_1_124' title='bbox 1203 1885 1609 1960; x_wconf 84' lang='lat' dir='ltr'>obser-vatio</span> <span class='ocrx_word' id='word_1_125' title='bbox 1630 1887 1770 1979; x_wconf 86' lang='lat' dir='ltr'>est,</span> <span class='ocrx_word' id='word_1_126' title='bbox 1796 1912 1972 1985; x_wconf 68' lang='lat' dir='ltr'>qua-⁵</span> 
     </span>
     <span class='ocr_line' id='line_1_20' title="bbox 454 1980 1959 2081; baseline 0.007 -30"><span class='ocrx_word' id='word_1_127' title='bbox 454 1980 597 2055; x_wconf 86' lang='lat' dir='ltr'>lem</span> <span class='ocrx_word' id='word_1_128' title='bbox 625 1982 929 2069; x_wconf 88' lang='lat' dir='ltr'>habeas;</span> <span class='ocrx_word' id='word_1_129' title='bbox 955 1982 1298 2071; x_wconf 88' lang='lat' dir='ltr'>secunda,</span> <span class='ocrx_word' id='word_1_130' title='bbox 1327 1984 1690 2081; x_wconf 88' lang='lat' dir='ltr'>quomodo</span> <span class='ocrx_word' id='word_1_131' title='bbox 1712 1986 1959 2061; x_wconf 82' lang='lat' dir='ltr'>utaris.</span> 
     </span>
    </p>

    <p class='ocr_par' dir='ltr' id='par_1_7' title="bbox 437 2078 1963 3159">
     <span class='ocr_line' id='line_1_21' title="bbox 547 2078 1963 2178; baseline 0.004 -30"><span class='ocrx_word' id='word_1_132' title='bbox 547 2078 903 2151; x_wconf 78' lang='lat' dir='ltr'>NATURA</span> <span class='ocrx_word' id='word_1_133' title='bbox 946 2080 1151 2155; x_wconf 88' lang='lat' dir='ltr'>vocis</span> <span class='ocrx_word' id='word_1_134' title='bbox 1193 2082 1530 2178; x_wconf 63' lang='lat' dir='ltr'>speftatur</span> <span class='ocrx_word' id='word_1_135' title='bbox 1609 2079 1963 2153; x_wconf 71' lang='lat' dir='ltr'>uantitate</span> 
     </span>
     <span class='ocr_line' id='line_1_22' title="bbox 454 2176 1948 2275; baseline 0 -24"><span class='ocrx_word' id='word_1_136' title='bbox 454 2178 536 2251; x_wconf 90' lang='lat'>&amp;</span> <span class='ocrx_word' id='word_1_137' title='bbox 581 2176 943 2275; x_wconf 86' lang='lat' dir='ltr'>qualitate.</span> <span class='ocrx_word' id='word_1_138' title='bbox 1001 2179 1376 2271; x_wconf 83' lang='lat' dir='ltr'>Quantitas</span> <span class='ocrx_word' id='word_1_139' title='bbox 1417 2178 1512 2253; x_wconf 88' lang='lat' dir='ltr'>est</span> <span class='ocrx_word' id='word_1_140' title='bbox 1570 2176 1948 2273; x_wconf 55' lang='lat' dir='ltr'>impliciora</span> 
     </span>
     <span class='ocr_line' id='line_1_23' title="bbox 449 2274 1954 2375; baseline 0.003 -29"><span class='ocrx_word' id='word_1_141' title='bbox 449 2274 810 2349; x_wconf 86' lang='lat' dir='ltr'>In·summa</span> <span class='ocrx_word' id='word_1_142' title='bbox 836 2275 1018 2348; x_wconf 87' lang='lat' dir='ltr'>enim</span> <span class='ocrx_word' id='word_1_143' title='bbox 1040 2276 1314 2375; x_wconf 88' lang='lat' dir='ltr'>grandis</span> <span class='ocrx_word' id='word_1_144' title='bbox 1332 2331 1356 2367; x_wconf 85' lang='lat'><strong>,</strong></span> <span class='ocrx_word' id='word_1_145' title='bbox 1389 2294 1509 2350; x_wconf 88' lang='lat' dir='ltr'>aut</span> <span class='ocrx_word' id='word_1_146' title='bbox 1536 2274 1779 2373; x_wconf 71' lang='lat' dir='ltr'>exigua</span> <span class='ocrx_word' id='word_1_147' title='bbox 1803 2275 1904 2349; x_wconf 88' lang='lat' dir='ltr'>est</span> <span class='ocrx_word' id='word_1_148' title='bbox 1923 2303 1954 2351; x_wconf 68' lang='grc' dir='ltr'>ε</span> 
     </span>
     <span class='ocr_line' id='line_1_24' title="bbox 449 2371 1958 2447; baseline 0 -1"><span class='ocrx_word' id='word_1_149' title='bbox 449 2373 785 2447; x_wconf 80' lang='lat' dir='ltr'>sed-inter</span> <span class='ocrx_word' id='word_1_150' title='bbox 825 2376 949 2447; x_wconf 89' lang='lat' dir='ltr'>has</span> <span class='ocrx_word' id='word_1_151' title='bbox 995 2374 1474 2447; x_wconf 86' lang='lat' dir='ltr'>extremitates</span> <span class='ocrx_word' id='word_1_152' title='bbox 1512 2376 1754 2446; x_wconf 81' lang='lat' dir='ltr'>mediae</span> <span class='ocrx_word' id='word_1_153' title='bbox 1784 2371 1958 2446; x_wconf 75' lang='lat' dir='ltr'>*sunt</span> 
     </span>
     <span class='ocr_line' id='line_1_25' title="bbox 446 2469 1963 2569; baseline 0.003 -24"><span class='ocrx_word' id='word_1_154' title='bbox 446 2472 741 2569; x_wconf 76' lang='lat' dir='ltr'>specieS‚</span> <span class='ocrx_word' id='word_1_155' title='bbox 763 2474 842 2545; x_wconf 87' lang='lat'>&amp;</span> <span class='ocrx_word' id='word_1_156' title='bbox 865 2474 953 2544; x_wconf 89' lang='lat' dir='ltr'>ab</span> <span class='ocrx_word' id='word_1_157' title='bbox 975 2472 1112 2543; x_wconf 86' lang='lat' dir='ltr'>ima</span> <span class='ocrx_word' id='word_1_158' title='bbox 1133 2472 1218 2543; x_wconf 87' lang='lat' dir='ltr'>ad</span> <span class='ocrx_word' id='word_1_159' title='bbox 1241 2470 1603 2563; x_wconf 72' lang='lat' dir='ltr'>simmam,</span> <span class='ocrx_word' id='word_1_160' title='bbox 1622 2495 1705 2543; x_wconf 90' lang='lat' dir='ltr'>ac</span> <span class='ocrx_word' id='word_1_161' title='bbox 1729 2469 1963 2561; x_wconf 37' lang='lat' dir='ltr'>tetri),-</span> 
     </span>
     <span class='ocr_line' id='line_1_26' title="bbox 446 2568 1962 2666; baseline 0.003 -25"><span class='ocrx_word' id='word_1_162' title='bbox 446 2570 651 2641; x_wconf 80' lang='lat' dir='ltr'>multi</span> <span class='ocrx_word' id='word_1_163' title='bbox 694 2569 846 2639; x_wconf 89' lang='lat' dir='ltr'>sunt</span> <span class='ocrx_word' id='word_1_164' title='bbox 873 2569 1146 2665; x_wconf 82' lang='lat' dir='ltr'>gradus.</span> <span class='ocrx_word' id='word_1_165' title='bbox 1196 2568 1521 2661; x_wconf 82' lang='lat' dir='ltr'>Qualitas</span> <span class='ocrx_word' id='word_1_166' title='bbox 1562 2568 1782 2666; x_wconf 83' lang='lat' dir='ltr'>magis</span> <span class='ocrx_word' id='word_1_167' title='bbox 1816 2593 1962 2645; x_wconf 78' lang='lat' dir='ltr'>va-</span> 
     </span>
     <span class='ocr_line' id='line_1_27' title="bbox 446 2664 1962 2759; baseline 0.005 -24"><span class='ocrx_word' id='word_1_168' title='bbox 446 2664 552 2735; x_wconf 75' lang='lat' dir='ltr'>ria</span> <span class='ocrx_word' id='word_1_169' title='bbox 582 2664 695 2735; x_wconf 88' lang='lat' dir='ltr'>est.</span> <span class='ocrx_word' id='word_1_170' title='bbox 743 2666 928 2737; x_wconf 89' lang='lat' dir='ltr'>Nam</span> <span class='ocrx_word' id='word_1_171' title='bbox 954 2665 1052 2737; x_wconf 91' lang='lat' dir='ltr'>est</span> <span class='ocrx_word' id='word_1_172' title='bbox 1077 2669 1155 2738; x_wconf 75' lang='grc' dir='ltr'>δε</span> <span class='ocrx_word' id='word_1_173' title='bbox 1185 2666 1478 2738; x_wconf 89' lang='lat' dir='ltr'>candida</span> <span class='ocrx_word' id='word_1_174' title='bbox 1508 2666 1588 2739; x_wconf 72' lang='grc' dir='ltr'>ὅτ.</span> <span class='ocrx_word' id='word_1_175' title='bbox 1610 2667 1840 2759; x_wconf 84' lang='lat' dir='ltr'>fusca,</span> <span class='ocrx_word' id='word_1_176' title='bbox 1876 2669 1962 2743; x_wconf 68' lang='lat' dir='ltr'>&amp;c</span> 
     </span>
     <span class='ocr_line' id='line_1_28' title="bbox 446 2760 1956 2857; baseline 0.006 -29"><span class='ocrx_word' id='word_1_177' title='bbox 446 2761 653 2857; x_wconf 88' lang='lat' dir='ltr'>plena</span> <span class='ocrx_word' id='word_1_178' title='bbox 686 2762 763 2832; x_wconf 87' lang='lat'>&amp;</span> <span class='ocrx_word' id='word_1_179' title='bbox 789 2760 1027 2852; x_wconf 85' lang='lat' dir='ltr'>exilis,</span> <span class='ocrx_word' id='word_1_180' title='bbox 1079 2762 1160 2835; x_wconf 86' lang='lat'>&amp;</span> <span class='ocrx_word' id='word_1_181' title='bbox 1201 2764 1374 2837; x_wconf 87' lang='lat' dir='ltr'>lenis</span> <span class='ocrx_word' id='word_1_182' title='bbox 1418 2764 1500 2836; x_wconf 88' lang='lat'>&amp;</span> <span class='ocrx_word' id='word_1_183' title='bbox 1525 2763 1606 2837; x_wconf 89' lang='lat' dir='ltr'>as</span> <span class='ocrx_word' id='word_1_184' title='bbox 1647 2788 1764 2837; x_wconf 87' lang='lat' dir='ltr'>era</span> <span class='ocrx_word' id='word_1_185' title='bbox 1792 2765 1956 2848; x_wconf 49' lang='grc' dir='ltr'>,ὃς</span> 
     </span>
     <span class='ocr_line' id='line_1_29' title="bbox 444 2857 1949 2952; baseline 0.001 -22"><span class='ocrx_word' id='word_1_186' title='bbox 444 2857 794 2930; x_wconf 70' lang='grc' dir='ltr'>ςοηῑτειὲὶει</span> <span class='ocrx_word' id='word_1_187' title='bbox 823 2858 903 2931; x_wconf 87' lang='lat'>&amp;</span> <span class='ocrx_word' id='word_1_188' title='bbox 929 2858 1075 2932; x_wconf 87' lang='lat' dir='ltr'>fusa</span> <span class='ocrx_word' id='word_1_189' title='bbox 1098 2914 1123 2952; x_wconf 88' lang='lat'><strong>,</strong></span> <span class='ocrx_word' id='word_1_190' title='bbox 1159 2862 1238 2933; x_wconf 86' lang='lat'>&amp;</span> <span class='ocrx_word' id='word_1_191' title='bbox 1267 2860 1438 2933; x_wconf 87' lang='lat' dir='ltr'>dura</span> <span class='ocrx_word' id='word_1_192' title='bbox 1467 2863 1547 2936; x_wconf 72' lang='grc' dir='ltr'>ὅτ.</span> <span class='ocrx_word' id='word_1_193' title='bbox 1625 2859 1899 2937; x_wconf 82' lang='lat' dir='ltr'>exibilis</span> <span class='ocrx_word' id='word_1_194' title='bbox 1921 2915 1949 2952; x_wconf 85' lang='lat'>‚</span> 
     </span>
     <span class='ocr_line' id='line_1_30' title="bbox 443 2954 1955 3054; baseline -0.001 -26"><span class='ocrx_word' id='word_1_195' title='bbox 443 2957 524 3028; x_wconf 84' lang='lat'>&amp;</span> <span class='ocrx_word' id='word_1_196' title='bbox 554 2954 740 3027; x_wconf 84' lang='lat' dir='ltr'>clara</span> <span class='ocrx_word' id='word_1_197' title='bbox 790 2957 869 3029; x_wconf 71' lang='grc' dir='ltr'>δι</span> <span class='ocrx_word' id='word_1_198' title='bbox 901 2956 1171 3033; x_wconf 55' lang='lat' dir='ltr'>obtusa</span> <span class='ocrx_word' id='word_1_199' title='bbox 1223 2957 1762 3054; x_wconf 84' lang='lat' dir='ltr'>Spiritusetiam</span> <span class='ocrx_word' id='word_1_200' title='bbox 1797 2958 1955 3028; x_wconf 61' lang='lat' dir='ltr'>lon-</span> 
     </span>
     <span class='ocr_line' id='line_1_31' title="bbox 437 3051 1954 3159; baseline 0.006 -35"><span class='ocrx_word' id='word_1_201' title='bbox 437 3051 597 3152; x_wconf 83' lang='lat' dir='ltr'>gior</span> <span class='ocrx_word' id='word_1_202' title='bbox 616 3101 648 3155; x_wconf 76' lang='lat'>³.</span> <span class='ocrx_word' id='word_1_203' title='bbox 672 3051 1133 3155; x_wconf 77' lang='lat' dir='ltr'>brevi6rque.</span> <span class='ocrx_word' id='word_1_204' title='bbox 1154 3054 1309 3137; x_wconf 83' lang='lat' dir='ltr'>Nec</span> <span class='ocrx_word' id='word_1_205' title='bbox 1333 3056 1570 3138; x_wconf 78' lang='lat' dir='ltr'>causas</span> <span class='ocrx_word' id='word_1_206' title='bbox 1599 3078 1724 3138; x_wconf 84' lang='lat' dir='ltr'>eur</span> <span class='ocrx_word' id='word_1_207' title='bbox 1753 3054 1954 3159; x_wconf 65' lang='lat' dir='ltr'>quic:</span> 
     </span>
    </p>
   </div>
  </div>
 </body>
</html>
