2250 3761
515 135 663 227 264
828 132 1029 202 ιη.
1093 128 1191 203 X.
1261 118 1498 207 CAP.
1564 134 1743 208 V11.

511 251 589 323 hi
621 248 707 321 de
747 247 1000 344 quibus
1057 246 1363 345 loquor,
1408 253 1901 327 commentarii
1937 257 2048 331 ita

511 346 668 420 sunt
703 342 924 417 exaffl
949 394 976 429 ,
1022 362 1100 417 ut
1131 346 1219 417 ab
1264 346 1414 443 ipso
1440 348 1634 438 ‘mihi
1669 350 1738 421 in
1763 378 2049 427 memo·

511 443 687 517 riam
717 440 1135 536 posteritatis
1170 441 1548 518 videantur
1574 447 1710 521 ess'e
1740 473 2046 548 compo·

507 538 638 613 firi.
679 539 861 610 Nam
899 539 1273 612 Ciceronis
1321 544 1407 614 ad
1457 544 1752 639 praesens
1803 549 2041 621 modo

495 653 785 732 ⁴tempus
810 654 1086 735 aptatos
1109 637 1401 713 libertus
1418 641 1624 739 Tyro
1644 647 2001 717 contraxit
2016 672 2042 717 τ

509 756 693 830 quos
736 757 880 805 non
935 733 1101 808 ideo
1135 735 1435 827 ¹excus0‚
1483 739 1645 837 quia
1683 767 1822 813 non
1861 768 2042 840 pro-2

509 830 675 905 bem
693 885 715 920 ‚
770 830 883 904 sed
910 849 987 903 ut
1010 833 1136 904 fint
1154 835 1370 932 magis
1390 836 1854 932 admirabiles,

561 929 640 999 In
660 928 797 1001 hoc
813 953 1066 1027 genere
1083 939 1362 1027 prorius
1381 932 1651 1030 recipio
1677 936 1848 1010 hanc
1868 938 2036 1012 bre-

515 1050 682 1100 vem
719 1027 1285 1119 annotationem,
1310 1030 1721 1129 libellosque
1757 1034 1872 1130 qui
1897 1039 2031 1109 vel

513 1147 723 1195 manu
743 1140 1113 1198 teneantur
1133 1180 1155 1215 ‚
1188 1127 1376 1200 &ad
1393 1153 1570 1225 quos
1589 1127 1866 1203 interim
1898 1131 2036 1205 res-

509 1219 750 1317 picere
767 1221 867 1295 fas
887 1222 987 1295 fit.
1012 1223 1182 1295 Illud
1210 1225 1402 1322 quod
1427 1228 1646 1297 Lenas
1663 1229 1866 1325 praeci
1875 1230 1979 1326 pit
2001 1284 2028 1320 ‚

510 1317 826 1414 displicet
893 1320 1103 1413 mihi,
1165 1347 1318 1419 quae
1363 1321 1831 1419 scripserimus
1871 1383 1893 1419 ‚
1954 1328 2031 1399 in

512 1414 812 1488 summas
866 1417 1010 1489 five
1080 1420 1624 1493 commentarios
1668 1424 1746 1495 &
1797 1425 2030 1523 capita

514 1512 863 1586 conferre.
887 1514 1074 1586 Facit
1090 1516 1273 1588 enim
1289 1517 1366 1589 &
1382 1517 1662 1591 dicendi
1677 1522 2034 1621 negligen-

514 1608 689 1680 tiam
710 1610 1016 1709 haecipsa
1039 1612 1333 1705 fiducia,
1381 1616 1458 1688 &
1493 1616 1752 1690 lacerat
1782 1644 1864 1691 ac
1901 1625 2030 1695 de·-

513 1704 776 1779 format
818 1709 1238 1788 orationem.
1292 1715 1441 1810 Ego
1480 1733 1718 1788 autem
1745 1742 1836 1789 ne
1865 1718 2025 1791 scri-.-

512 1802 818 1877 bendum
864 1808 1147 1905 quidem
1173 1827 1387 1907 put0,
1424 1812 1844 1910 quodfimus
1874 1842 2027 1892 me-

516 1902 737 1974 moria
783 1905 1236 2000 prosecuturi.
1266 1910 1444 1980 Nam
1468 1905 1583 1985 hic
1605 1938 1889 2011 quoque
1918 1942 2028 1990 ac·

516 1999 689 2070 cidit
721 2055 743 2090 ,
806 2021 882 2073 ut
925 2022 1219 2078 revocet
1252 2030 1382 2079 nos
1418 2009 1753 2106 cogitatio
1776 2014 1860 2082 ad
1895 2012 2020 2085 ina

509 2095 880 2170 elaborata
903 2151 926 2188 ‚
964 2125 1095 2173 nec
1143 2103 1314 2176 finat
1357 2107 1752 2201 praesentem
1785 2107 2021 2180 fortu-

516 2217 679 2264 nam
699 2196 1015 2290 experiri.
1046 2199 1155 2269 Sic
1169 2225 1422 2298 anceps
1443 2203 1619 2274 inter
1633 2220 2014 2303 utrumque

515 2289 784 2364 animus
818 2293 1087 2385 aestuat,
1118 2299 1278 2370 citm
1305 2304 1381 2375 &
1407 2299 1646 2396 scripta
1662 2302 2012 2396 perdidit,

517 2388 596 2458 ὃ(
643 2412 788 2460 non
825 2393 1070 2488 quaerit
1110 2418 1327 2471 nova.
1378 2398 1513 2470 Sed
1542 2397 1628 2469 de
1672 2400 2015 2474 memoria

515 2483 888 2585 destinatus
914 2490 1010 2562 est
1027 2490 1210 2566 libro
1236 2496 1567 2592 proximo
1594 2497 1787 2571 locus
1811 2555 1836 2591 ,
1885 2525 2015 2573 nec

514 2582 677 2653 huic
716 2586 893 2679 parti
920 2586 1427 2689 subjungendus
1449 2647 1472 2684 ‚
1506 2593 1667 2693 quia
1699 2595 1853 2671 sunt
1879 2596 2015 2683 alia

514 2679 702 2774 priits
736 2681 937 2755 nobis
969 2685 1288 2765 dicenda.

1107 2881 1386 3023 Q

1713 3152 2009 3246 MAR‘m
