2250 3761
564 138 722 243 '384
864 139 1084 212 an.
1145 135 1336 212 XII.
1391 131 1623 210 CAP.
1672 126 1889 210 ‘111.'

568 263 802 335 altero
841 260 1190 358 petiturus
1232 252 1263 332 ἓ
1313 255 1493 355 pene
1548 280 1697 330 non
1765 254 2121 331 diffimilis

574 352 666 433 iis
684 414 707 451 ,
734 356 856 458 qui
889 384 912 403 -·
948 378 1323 456 poetarum
1341 355 1592 451 scripta
1610 357 2116 452 pronuntiant.

574 458 760 530 Nam
787 453 1327 557 ,quodammodo
1368 455 1695 526 mandata
1732 453 2109 551 perferet,

576 558 660 630 δε
688 582 773 629 ea
800 582 956 655 quae
979 555 1101 628 fibi
1132 557 1170 626 ὲ
1208 553 1437 644 judice
1486 551 1683 624 credi
1710 552 2111 649 postulatu-

451 684 460 689 *
573 676 697 727 rus
745 656 841 727 est
868 712 892 746 ‚
923 654 1149 727 aliena
1193 651 1330 728 fide
1372 650 1560 724 dicet
1597 704 1620 741 ,
1664 654 1742 723 &
1776 650 1932 748 ipse
1981 652 2112 724 liti-

572 754 887 851 gantium
965 751 1342 825 auxiliator
1395 803 1421 842 ,
1496 748 1730 844 egebit
1806 750 2105 824 auxilio,

673 852 894 945 Quod
917 867 996 923 ut
1010 848 1164 922 fieri
1182 871 1680 943 nonnunquam
1698 844 1984 920 minore
2005 849 2104 920 in·

570 947 1215 1046 commodopoffit,
1233 948 1393 1018 cinn
1414 944 1605 1016 domi
1634 966 1862 1040 praece
1870 963 1992 1042 pta
2024 948 2101 1021 &

570 1046 958 1145 compofita
983 1102 1006 1138 ‚
1029 1045 1200 1117 ficut
1226 1045 1305 1118 &
1328 1064 1575 1119 caetera
1602 1060 1763 1140 quae
1794 1044 1864 1113 in
1880 1045 2094 1125 causa

570 1144 727 1221 sunt
770 1201 792 1237 ‚
843 1144 915 1216 in
953 1144 1283 1217 discendo
1330 1140 1612 1241 cognita
1659 1142 1745 1212 ad
1788 1130 2093 1232 judicem

568 1244 880 1341 perferet
926 1269 944 1315 t
992 1243 1163 1342 quid
1196 1243 1317 1315 fiet
1356 1242 1428 1315 in
1471 1239 1551 1312 iis
1600 1238 2084 1337 quaestionibus

624 1367 730 1414 uae
778 1341 1006 1415 subitb
1050 1343 1234 1413 inter
1306 1338 1482 1435 ipsas
1537 1338 1849 1411 afflones
1912 1337 2091 1414 nasci

568 1366 796 1514 Polent
839 1442 869 1515 ἓ
920 1465 1064 1513 non
1111 1438 1525 1527 deformiter
1573 1436 1971 1534 respestet?
2020 1443 2091 1513 &

566 1535 758 1613 inter
797 1537 1112 1614 subsellia
1148 1536 1455 1608 minores
1490 1538 1513 1584 ί*
1540 1536 1940 1609 advocatos
1982 1537 2099 1608 in·
2170 1556 2171 1559 ’

568 1650 886 1738 terroget
924 1638 952 1711 2
993 1635 1224 1709 Potest
1250 1651 1486 1708 autem
1531 1633 1699 1708 satis.
1718 1631 2095 1730 diligenter

569 1736 722 1809 acci
776 1760 896 1809 ere
917 1761 1071 1834 quae
1091 1754 1240 1807 tum
1270 1732 1508 1806 audiet
1531 1788 1552 1823 ‚
1578 1733 1730 1804 ciun
1755 1730 1815 1805 ei
1832 1732 2093 1802 dicen-

567 1833 660 1909 da
699 1763 908 1909 iiiut?
943 1849 1064 1908 aut
1089 1832 1368 1906 fortiter
1398 1831 1730 1904 affirmare
1752 1883 1774 1919 ‚
1804 1845 1928 1900 aut
1962 1827 2095 1901 in·-

615 1933 795 2007 enue
823 1957 953 2029 pro
985 1925 1120 2004 suis
1150 1932 1428 2005 dicere?
1472 1930 1679 2001 Poffit
1701 1930 1769 2000 in
1789 1927 2097 2000 affioni·

619 2054 702 2104 us
734 2031 945 2127 :quid
982 2029 1104 2102 fiet
1140 2030 1214 2100 in
1256 2028 1759 2118 altercatione,
1796 2025 1921 2098 ubi
1970 2027 2096 2101 ob·

568 2127 990 2198 currendum
1018 2127 1358 2199 continui>
1387 2181 1408 2218 ‚
1439 2150 1568 2199 nec
1590 2126 1814 2197 libera
1841 2125 1930 2197 ad
1955 2124 2096 2196 dis-

566 2224 870 2306 cendum
893 2248 1090 2297 mora
1113 2223 1260 2297 est?
1301 2225 1492 2316 Quid
1522 2224 1569 2295 fi
1603 2223 1792 2296 forte
1819 2223 2095 2321 peritus

563 2321 734 2417 ju'ris
769 2323 886 2398 ille
930 2346 1073 2394 non
1111 2322 1384 2396 aderit?
1438 2322 1634 2414 Quid
1664 2321 1714 2392 fi
1739 2323 1899 2419 quis
1940 2347 2098 2394 non

561 2420 724 2496 satis
748 2421 819 2496 in
840 2446 924 2495 ea
951 2446 1028 2494 re
1053 2420 1296 2492 doCtus
1313 2474 1336 2511 ,
1370 2419 1612 2493 falsum
1641 2418 1915 2516 aliquid
1930 2419 2102 2498 sub-

562 2518 862 2615 jecerit?
896 2520 1054 2596 Hoc
1092 2517 1281 2592 enim
1312 2517 1408 2589 est
1442 2517 1831 2590 maximum
1877 2518 2104 2616 igno-

559 2617 806 2728 rantiae
832 2617 1133 2708 malum,
1166 2613 1363 2715 qubd
1388 2615 1612 2691 credit
1646 2639 1814 2694 eum
1852 2615 2090 2699 scire,

560 2738 681 2811 qm
707 2732 1020 2788 moneat.

643 2810 897 2908 Neque
924 2830 949 2860 ⁶
986 2836 1123 2910 ego
1172 2811 1319 2884 sum
1364 2810 1573 2884 nostri
1624 2810 1841 2891 moris
1884 2809 2102 2910 igna-

566 2969 574 2978 ·
598 2947 794 2990 aPoetae
807 2937 1048 2988 interdum
1065 2945 1178 2990 voci
1194 2943 1285 2991 suae
1385 2939 1413 2989 b
1428 2940 1741 2992 Advocatum
1761 2942 1841 2991 hic
1860 2944 2103 3007 appella!

553 2997 854 3064 diffidentes,
881 3002 1055 3067 scripta
1094 3006 1177 3054 sua
1223 3008 1282 3058 ab
1335 3021 1447 3054 eum
1475 3047 1488 3068 ,
1523 3009 1605 3070 qui
1638 3010 1708 3069 jus
1740 3007 1995 3073 suggetit,
2046 3025 2105 3063 ut

554 3072 661 3121 aliis
681 3071 869 3123 recitati
900 3073 951 3121 δι
980 3073 1283 3136 pronuntiati
1334 3073 1403 3118 ait
1435 3070 1680 3121 Asconius.
1718 3067 1869 3118 Turn.

552 3133 808 3190 curabant.
1396 3150 1422 3184 c
1470 3135 1620 3198 Apud
1661 3139 1910 3188 Romanos
1951 3172 1970 3197 ‚
2048 3154 2108 3188 ut
2166 3161 2167 3168 κ

1903 3223 2102 3298 τηε,
