2250 3761
566 114 717 190 DE
768 119 1428 203 Sssurtu'rus.
1692 138 1782 238 83

237 234 331 310 ’δι
354 230 673 334 undique
700 236 1081 318 circuncisa
1117 243 1423 324 insistere
1454 245 1775 333 invicem

235 350 631 430 nequeant.

341 432 613 514 Praeter
637 436 777 517 hoc
803 436 1017 513 etiam
1069 442 1274 518 color
1306 444 1452 545 ipse
1484 448 1774 531 dicendi

241 531 642 638 quamlibet
664 536 893 612 clarus
926 592 950 630 ,
991 541 1231 621 multis
1255 560 1493 622 tamen
1518 575 1604 624 ac
1629 566 1774 627 'va-

242 625 362 700 nis
395 630 604 704 velut
649 635 944 719 maculis
1000 641 1500 743 conspergitur.
1544 650 1772 725 Porro

243 741 325 803 ut
384 729 589 804 affert
625 733 865 813 lumen
911 737 1156 815 clavus
1181 769 1214 800 a
1238 766 1563 842 purpurae
1598 747 1770 823 loco

242 820 587 923 insertuS,
635 833 738 908 ita
782 835 976 908 certe
1014 836 1370 918 neminem
1398 844 1647 922 decea't
1666 848 1771 920 in·

245 938 554 1000 tet-texta
594 931 911 1028 pluribus
938 936 1124 1008 notis
1143 939 1372 1035 vestis.
1412 945 1656 1037 Quare
1680 946 1772 1019 li.

246 1021 365 1093 cet
400 1025 550 1100 haec
579 1029 846 1107 enitere
878 1081 907 1116 ,
939 1035 1015 1106 &
1041 1034 1485 1134 aliquatenus
1514 1060 1774 1120 extare.

247 1118 629 1198 videantur
643 1182 668 1218 ,
693 1146 939 1203 tamen'
961 1132 1225 1211 lumina
1251 1136 1370 1213 illa
1396 1165 1539 1215 non
1555 1141 1768 1216 flam-

247 1239 384 1289 mae
402 1275 425 1311 ,
449 1220 570 1295 sed
603 1224 918 1300 scintillis
957 1229 1139 1306 inter
1165 1232 1435 1313 fumum
1457 1240 1765 1317 “emican-

244 1312 437 1389 tibus
460 1319 698 1418 fimilia
724 1325 986 1402 dixeris
1019 1355 1046 1417 3
1083 1356 1239 1428 quae
1280 1359 1370 1408 ne
1425 1357 1765 1434 apparent

248 1413 546 1509 quidem
573 1421 690 1495 ubi
712 1441 866 1499 tota
890 1426 1081 1511 lucet
1107 1429 1341 1509 oratio
1360 1486 1385 1524 ‚
1413 1451 1491 1506 ut
1523 1434 1597 1508 in
1615 1435 1768 1512 sole

241 1511 481 1592 fidera
504 1516 642 1616 ipsa
681 1523 992 1599 definunt
1032 1526 1273 1608 cerni:
1314 1533 1395 1607 &
1435 1558 1591 1632 quae
1616 1559 1769 1609 cre·

238 1609 396 1689 bris
426 1620 801 1724 parvisque
845 1626 1218 1701 conatibus
1267 1627 1338 1709 se
1370 1632 1706 1709 attollunt
1737 1654 1767 1726 ,⁷

241 1708 616 1818 inaequalia
639 1725 909 1807 tantum
926 1779 950 1816 ‚
975 1725 1058 1805 &
1086 1726 1719 1832 velutconfragosa
1739 1770 1765 1823 ὁ

243 1840 381 1892 nec
430 1820 970 1906 admirationem
1025 1825 1546 1928 consequuntur
1597 1831 1767 1906 emi-

248 1918 564 1995 nentium
593 1977 617 2016 ,
651 1926 760 2004 ,δι
810 1923 1182 2022 planorum
1240 1929 1538 2027 gratiam
1597 1955 1765 2030 per-

251 2013 449 2093 dunn
1447 2035 1452 2040 ’

346 2122 509 2203 Hoc
552 2145 843 2222 quoque
870 2123 1124 2205 accidit
1157 2181 1181 2218 ‚
1223 2127 1418 2226 qubd
1451 2126 1632 2202 solas
1652 2154 1767 2242 ca-

243 2221 474 2315 ptanti
493 2221 871 2301 sententias
891 2280 914 2317 ‚
949 2224 1207 2304 multas
1229 2226 1503 2304 necesse
1538 2226 1638 2302 est
1662 2229 1765 2340 fh-

244 2342 410 2392 cere
434 2320 638 2398 leves
663 2377 688 2414 ‚
713 2319 998 2420 frigidas
1015 2380 1038 2417 ‚
1064 2325 1341 2423 ineptas
1366 2352 1389 2413 ;
1414 2350 1557 2399 non
1576 2350 1765 2400 emm

247 2418 484 2513 potest
513 2419 648 2498 effe
695 2421 1000 2499 delestus
1028 2481 1051 2517 ,
1094 2424 1215 2496 ubi
1242 2448 1537 2498 numero
1564 2423 1765 2496 labo-

248 2531 474 2587 ratur.
522 2520 756 2617 Itaque
789 2523 1036 2599 videas
1072 2525 1151 2597 &
1183 2519 1595 2593 divisionem
1629 2544 1765 2617 pro

247 2611 598 2690 sententia
618 2618 832 2716 poni,
866 2624 945 2698 &
981 2637 1469 2720 argumentum
1496 2674 1516 2711 ‚
1549 2616 1767 2731 sitan·

251 2714 404 2787 tum
463 2713 540 2788 in
617 2717 937 2796 clausulae
995 2721 1190 2797 calce
1240 2734 1764 2817 pronunnetur.

249 2815 563 2923 Occidzsti
585 2843 845 2892 uxorem
869 2823 996 2918 ipfi
1041 2824 1294 2895 adulter
1319 2848 1347 2895 .·
1391 2847 1524 2893 non
1540 2818 1768 2908 sitnm

307 3028 339 3061 a
376 3011 521 3061 Clavi
555 3045 570 3069 ,
614 3016 898 3069 dicebantur
932 3019 980 3066 in
1033 3019 1283 3070 clavorum
1337 3019 1480 3069 instar
1501 3055 1517 3081 ,
1558 3018 1642 3082 qui
1678 3017 1768 3064 suo

244 3080 420 3127 tunicis
469 3083 761 3133 Senatorum
808 3098 975 3147 purpu-
1033 3085 1144 3134 loco
1168 3084 1328 3134 inserti
1347 3120 1363 3145 ,
1394 3086 1606 3141 tunicam
1630 3094 1770 3129 exe-x-

243 3143 312 3191 tei
333 3143 529 3208 quidam
541 3146 667 3199 nodi
707 3182 723 3212 ,
784 3152 958 3215 capitis
1034 3151 1229 3201 nabent.
1300 3209 1376 3282 D
1404 3207 1475 3305 vi
1724 3184 1727 3187 ⁴
