2250 3761
535 138 682 210 DE
754 137 1342 215 MEMORIA:
1474 162 1684 239 Ἰ’309

180 273 383 346 rant,
419 272 891 338 „contexuntur
917 255 1196 352 postero
1219 255 1332 327 die
1364 281 1388 343 3
1431 258 1713 330 confir-'

187 356 476 451 marque
502 353 907 429 memoriam
940 354 1128 424 idem
1162 353 1331 424 illud
1366 373 1639 451 tempus
1662 410 1687 447 ‚

192 454 386 548 quod
447 451 578 523 esse
640 450 713 521 in
769 449 975 522 causa
1038 451 1213 523 solet
1270 449 1687 526 oblivionis}

194 549 418 630 Etiam
443 547 560 618 illa
643 548 946 619 raevelox
973 546 1120 618 fere
1149 547 1292 620 cito
1319 548 1532 620 effluit
1552 603 1577 640 ,
1609 551 1689 625 &

194 646 389 720 velut
436 646 578 742 prae
612 644 754 715 enti
811 643 1046 715 officio
1102 642 1337 716 funfla
1395 646 1564 716 nihil
1615 646 1690 718 in

194 741 549 840 posterum
584 741 832 813 debeat
853 796 876 831 ‚
908 760 1245 839 tanquam
1278 741 1535 814 dimissa
1559 742 1693 814 dis,-

198 840 411 913 eedit.
442 839 506 910 Ν
512 863 589 910 ec
615 838 711 910 est
732 839 982 910 mirum
1012 864 1123 909 ma
1178 838 1231 910 is
1259 839 1696 923 haerereani-

202 960 367 1025 me,
412 962 563 1033 quae
593 936 850 1008 diutius
884 937 1088 1008 affixa
1110 865 1258 1008 sint.

292 1036 404 1115 Ex
442 1054 609 1104 HAc
640 1032 1074 1128 ingeniorum
1107 1035 1505 1109 diversitate
1532 1050 1700 1106 nata

199 1130 551 1207 dubitatio
590 1128 686 1199 est
703 1181 725 1216 ‚
762 1153 851 1197 an
876 1131 962 1198 ad
980 1131 1274 1202 verbum
1297 1132 1373 1202 fit
1399 1133 1704 1203 ediscen-

169 1228 374 1301 ‘dum
403 1222 723 1312 dicimis,
768 1246 857 1292 an
893 1222 1039 1296 vim
1082 1225 1300 1295 modo
1331 1249 1562 1296 rerum
1604 1243 1706 1297 at,

134 1317 140 1323 ’
260 1346 349 1393 ue
378 1320 696 1392 ordinem
722 1319 1084 1416 compleffi
1114 1318 1274 1391 satis
1299 1321 1417 1391 sit:
1451 1323 1539 1393 tle
1563 1345 1709 1418 quo

207 1348 352 1495 gne
379 1416 597 1529 dulaio
623 1439 765 1486 non
785 1416 1011 1514 potest
1034 1417 1106 1490 in
1131 1415 1532 1500 universum
1555 1443 1714 1519 pro·

205 1538 542 1617 puntiau.
897 1556 900 1559 ·

308 1613 494 1686 Nam
516 1612 561 1685 fi
588 1612 921 1709 memoria
947 1610 1349 1712 suffragatur
1372 1669 1395 1705 ‚
1437 1631 1713 1711 tempus

215 1737 359 1786 non
384 1710 553 1784 defit
584 1763 602 1792 ,
647 1712 830 1782 nulla
865 1736 976 1795 me
1003 1711 1220 1784 velim
1247 1712 1513 1810 syllaba
1547 1713 1719 1785 effu-

217 1811 356 1910 giat
380 1837 397 1882 ε
434 1809 700 1907 alioqui
724 1809 935 1882 etiam
964 1808 1265 1883 scribere
1288 1810 1367 1882 fit
1391 1810 1718 1907 superva-

224 1930 455 1981 cuum.
488 1909 705 2003 quue
727 1906 1069 2002 praecipue
1087 1908 1121 1977 ὲ
1149 1908 1380 2003 pueris
1398 1909 1718 1982 obtinen-

222 2005 387 2076 dum
407 2059 430 2091 ‚
457 2022 666 2101 atque
686 2002 760 2075 in
781 2005 957 2075 hanc
988 2005 1561 2078 consuetudinem,
1579 2033 1720 2081 me-

222 2102 449 2178 moria
484 2101 984 2174 exercitatione
1016 2102 1386 2199 redigenda
1408 2157 1431 2193 ‚
1473 2130 1558 2176 ne
1592 2111 1719 2176 no·-

223 2199 333 2288 bjs
356 2199 690 2278 discamus
713 2197 1098 2296 ignoscere.
1128 2199 1436 2296 Ideoque
1461 2204 1538 2273 δι
1558 2226 1584 2253 α
1610 2202 1721 2271 ad·

225 2296 540 2389 moneri,
571 2301 645 2371 &
668 2298 752 2368 ad
775 2296 1091 2371 libellum
1110 2296 1457 2391 respicere
1473 2348 1495 2383 ‚
1522 2295 1757 2367 vitio-³

225 2393 377 2466 sum
405 2446 426 2480 ‚
477 2393 669 2487 quod
709 2392 1104 2465 libertatem
1145 2391 1574 2489 negligentiae
1618 2391 1727 2462 fa-

234 2487 332 2567 cit
361 2514 379 2559 2
415 2492 440 2534 θ
473 2512 600 2570 nec
625 2489 977 2585 quisquam
1002 2489 1069 2562 se
1096 2513 1340 2584 parum
1361 2507 1598 2559 tenere
1626 2486 1729 2580 ju·

236 2585 422 2664 dicat
446 2636 469 2672 ‚
508 2586 696 2686 quod
734 2584 974 2665 ne‘fibi
1003 2585 1278 2658 excidat
1318 2609 1461 2660 non
1504 2583 1730 2660 timet.

302 2747 334 2780 a
369 2733 522 2778 Notat
553 2729 779 2778 Asconius
808 2746 970 2783 orato-
1024 2730 1240 2781 accurate
1276 2735 1512 2782 memoria
1560 2749 1732 2782 tenere.

247 2810 319 2854 res
370 2794 523 2841 malos
588 2793 705 2850 olim
762 2793 973 2852 habuifle
1029 2793 1148 2843 Inde
1192 2801 1341 2846 oritut
1375 2798 1657 2863 negligentia
1683 2804 1735 2850 &c

250 2859 551 2917 monitores,
592 2856 642 2904 id
677 2856 739 2903 est
777 2859 976 2921 posticos
1033 2859 1256 2907 securitas
1291 2877 1456 2912 eorum
1481 2900 1497 2924 ‚
1544 2867 1626 2926 qui
1661 2860 1739 2910 vel

250 2922 552 2982 subiestores.
580 2917 727 2967 Turn.
1034 2923 1261 2971 adhibent
1274 2923 1740 2984 admonitorem,vel

271 3013 275 3018 ›
313 2985 340 3033 b
394 2987 493 3047 Qi
541 3000 641 3032 non
693 2986 830 3038 timet
881 3000 938 3031 ne
966 3022 979 3044 ,
1040 2982 1101 3030 ad
1139 2986 1354 3036 libellum
1387 2990 1610 3051 respicere
1658 2983 1744 3034 fibi

255 3045 389 3114 quod
406 3050 611 3097 dicturus
644 3045 709 3095 est
732 3081 748 3105 ,
789 3046 871 3095 fibi
902 3064 984 3095 ex·
1043 3053 1318 3112 permittunt
1347 3067 1360 3097 z
1393 3049 1516 3099 nihil
1537 3052 1665 3099 euim
1684 3049 1747 3096 ti·

259 3112 386 3161 cidat
408 3143 426 3166 ‚
461 3117 508 3170 1⁵,
527 3110 712 3178 judicat
728 3113 776 3161 se
810 3110 863 3169 id
884 3112 989 3163 satis
1036 3112 1271 3172 ‘mendum
1288 3115 1482 3166 habent.
