2250 3761
209 123 297 214 Q
322 135 453 192 uir.
476 135 565 189 m
587 129 936 190 AGENms
969 127 1250 186 CAUSIS
1282 133 1514 188 smv.
1552 139 1696 213 407

145 236 499 310 tenuiora
526 290 549 325 ,
579 232 1007 306 extrinsecus
1032 231 1337 305 adduffis
1372 259 1454 306 ea
1480 233 1693 318 rebus

142 331 688 407 circumliniunt
736 360 753 402 ε
818 353 900 402 ac
948 327 996 399 fi
1048 327 1439 403 defecerint
1491 330 1625 403 alia
1660 381 1688 414 ‚
1754 334 1779 346 ‘

144 430 494 506 convitiis
540 428 830 524 implent
883 435 1114 501 vacua
1167 426 1525 500 causarum
1555 481 1580 518 ‚
1640 425 1689 502 fi

148 526 519 624 contingit
544 581 569 618 ‚
600 524 794 600 veris
816 550 842 611 3
867 522 1155 595 siminus
1183 579 1204 615 ‚
1232 523 1442 597 fictis:
1469 523 1690 596 modo

147 624 239 712 fit
283 621 585 698 materia
636 621 947 711 inaenii,
1000 620 1498 721 mereaturque
1543 618 1691 693 cla,

150 746 444 796 morem
483 722 649 792 dum
695 680 975 794 dicitur.
1053 720 1276 812 Quod
1324 743 1460 817 ego
1506 719 1689 793 adeo

152 819 382 917 longe
399 836 575 916 puto
600 816 686 891 ab
711 837 997 900 oratore
1021 816 1337 915 perfetio
1362 872 1385 909 ‚
1425 835 1504 889 ut
1526 840 1689 891 eum

157 943 258 992 ne
296 941 467 992 vera
501 916 788 1014 quidem
830 915 1266 1010 objechtrum
1290 970 1314 1007 ,
1359 915 1488 1002 nist
1532 916 1572 953 ⁴*
1615 915 1687 987 id

158 1014 377 1090 causa
403 1013 664 1110 exigit,
697 1014 1005 1087 credam.
1034 1016 1132 1088 Ea
1155 1012 1258 1088 'est
1283 1012 1466 1087 enim
1486 1037 1688 1112 pror·

154 1110 276 1186 sus
321 1155 352 1190 a
401 1114 640 1181 canina
667 1159 692 1194 ,
737 1126 815 1179 ut
858 1110 956 1180 ait
1009 1111 1273 1205 Appius
1313 1164 1334 1201 ,
1384 1118 1685 1206 eloquen-

156 1213 259 1281 tia
292 1258 319 1295 ,
368 1235 395 1283 b
454 1204 817 1280 censuram
872 1204 1346 1280 maledicendi
1396 1205 1628 1280 subire
1666 1234 1687 1280 t

159 1302 366 1405 quod
390 1300 806 1394 facientibus
841 1356 864 1393 ‚
891 1301 1109 1375 etiam
1135 1302 1316 1376 male
1359 1302 1687 1380 audiendi

163 1399 646 1517 praesumenda
679 1400 1021 1511 patientia
1068 1399 1190 1475 est.
1250 1401 1435 1473 Nam
1483 1403 1560 1475 &
1614 1400 1690 1474 in

169 1498 366 1602 ipsos
421 1497 500 1569 fit
544 1498 849 1595 impetus
907 1498 1314 1595 frequenter
1357 1498 1477 1596 qui
1524 1525 1561 1594 e
1613 1525 1690 1572 e-

173 1613 342 1673 runt
371 1652 395 1690 ,
439 1598 516 1668 &
543 1597 734 1671 certe
766 1596 1046 1693 patroni
1074 1595 1536 1694 petulantiam
1554 1524 1689 1669 fiti-

1781 923 1810 956 *
1828 919 2067 972 Francius

1689 1005 1694 1012 ·
1719 984 1928 1034 malebat
1943 1019 1959 1039 ,
1977 985 2066 1038 nifi

1718 1052 1828 1103 cum
1848 1051 1919 1114 id,
1934 1055 2035 1101 &c-

174 1713 384 1807 gator
412 1693 563 1769 luit.
593 1692 729 1774 Sed
747 1693 891 1770 haec
913 1693 1181 1767 minora
1206 1694 1357 1767 sunt
1382 1693 1532 1791 ipso
1558 1694 1689 1767 illo
1762 1744 1765 1748 .

129 1854 133 1858 .
176 1793 361 1868 <litio
398 1791 657 1886 animi,
708 1815 850 1890 quo
880 1792 1261 1867 maledicus
1294 1792 1334 1864 a
1366 1790 1688 1865 malefico

177 1915 326 1963 non
369 1890 611 1980 distat,
667 1890 786 1962 nifi
827 1889 1213 1966 occasione.
1261 1891 1517 1988 Turpis
1548 1915 1689 1964 vo-

178 1988 411 2099 luptas
442 1990 585 2070 ,δε
614 1985 1032 2080 inhumana,
1083 1990 1163 2062 &
1193 1988 1362 2059 nulli
1392 1982 1700 2063 audien--⁴

177 2101 357 2163 tium
393 2084 586 2156 bono
621 2103 817 2182 grata
860 2111 880 2158 ε
944 2089 977 2160 ὲ
1023 2084 1490 2184 litigatoribus
1531 2086 1693 2185 qui-⁶

182 2181 344 2254 dem
372 2179 782 2281 frequenter
808 2182 1148 2280 exigitur,
1186 2183 1309 2281 qui
1343 2183 1687 2260 ultionem

186 2279 453 2351 malunt
493 2278 701 2372 quam
735 2279 1229 2350 defensionem.
1284 2279 1418 2348 Sed
1456 2303 1690 2373 neque

187 2375 323 2453 alia
358 2373 578 2445 multa
617 2373 706 2444 ad
743 2371 1107 2443 arbitrium
1149 2396 1397 2446 eorum
1433 2372 1699 2445 facien-

254 2606 286 2636 α
334 2585 524 2636 Nonius
571 2581 822 2634 Marcellus
864 2584 917 2632 in
1030 2582 1058 2632 b
1104 2582 1330 2636 Proterve
1371 2584 1695 2652 maledicere,

195 2649 398 2702 dictione
451 2646 647 2700 Rabula
696 2651 814 2698 citat
861 2663 917 2695 ex
967 2650 1017 2696 δι
1071 2647 1135 2697 fic
1194 2650 1462 2701 censoriam
1526 2665 1697 2701 notam

197 2714 412 2765 Sallustio
433 2715 562 2764 hunc
579 2712 782 2762 locumt
819 2711 918 2759 Ca·
966 2712 1031 2760 ob
1086 2713 1403 2763 maledicendi
1440 2718 1696 2779 'protervi-
1733 2748 1738 2757 ‚

200 2778 347 2833 nina,
387 2793 439 2827 ut
486 2782 555 2827 ait
581 2780 792 2841 Appius,
826 2773 908 2841 fa·
966 2790 1115 2826 tatem
1150 2780 1401 2828 incurrere.
1454 2779 1696 2843 Suspectus

200 2842 373 2891 cundia
394 2839 724 2891 exercebatur.
763 2846 916 2889 Ttac-
965 2843 1029 2890 est
1045 2843 1170 2891 mihi
1187 2845 1267 2892 hic
1284 2841 1428 2893 locus.
1450 2842 1577 2892 Edit.
1599 2848 1690 2894 Ar.

196 2921 299 2959 mm
315 2908 383 2955 est
407 2906 488 2956 vel
515 2904 545 2954 a
572 2920 753 2954 cauum
772 2904 922 2953 latta·
967 2920 1095 2970 gent.
1120 2907 1266 2957 habet
1288 2924 1303 2959 ε
1329 2905 1407 2956 Ea
1432 2905 1496 2970 est
1516 2905 1691 2956 canina

199 2985 250 3021 tu
265 3009 281 3033 ,
308 2969 385 3021 vel
408 2969 436 3019 a
454 2967 754 3031 Philosophis
779 2966 917 3033 Cyni·
967 2968 1262 3043 eloquentia,
1281 2964 1580 3036 cognituram
1593 2986 1692 3019 ma·

200 3033 265 3151 effi?
292 3068 306 3092 ‚
348 3038 430 3101 qui
470 3032 718 3084 mordaces
768 3045 917 3081 erant.
967 3032 1393 3102 ledzcendisubire.
1627 3040 1630 3045 “

248 3115 357 3167 um,
458 3136 459 3139 η
1136 3110 1144 3121 ·
