2250 3761
340 158 785 230 FACULTAS
813 172 1149 229 mmmm
1189 177 1292 230 Ex
1332 180 1576 236 remp.
1635 161 1764 260 26⁴3

251 294 463 368 pore.
496 273 599 343 Ita
634 271 813 342 enim
841 271 1235 348 servabitur
1265 275 1536 373 pondus
1559 331 1584 373 ‚
1621 287 1700 360 δε
1730 305 1763 336 ⁴

254 373 574 439 innatans
598 368 712 440 illa
737 369 1119 442 verborum
1136 372 1427 448 facilitas
1458 378 1529 448 in
1553 379 1772 454 altum

258 465 677 540 reducetur:
726 466 895 539 ficut
950 469 1176 546 rustici
1221 475 1569 569 proximas
1602 478 1773 552 vitis

259 560 519 633 radices
551 579 953 659 amputant,
994 583 1151 664 quae
1185 569 1374 642 illam
1428 574 1454 620 ‘⁷
1485 573 1555 643 in
1589 575 1776 645 sum·-

257 682 446 730 mum
478 658 699 731 solum
738 661 1035 755 ducant,
1078 684 1157 736 ut
1187 664 1552 740 inferiores
1582 672 1776 767 peni-

232 773 365 828 -tus
393 755 875 830 descendendo
923 759 1306 835 firmentur.
1381 766 1483 836 Ac
1537 768 1770 851 nescio

257 878 348 940 an
403 869 776 953 utrumque
821 858 977 929 cum
1033 858 1198 931 cura
1261 862 1340 933 δε
1391 861 1616 935 studio
1671 865 1774 939 fe-

258 949 595 1043 cerimus,
633 953 941 1026 invicem
981 955 1237 1052 profit,
1282 975 1359 1029 ut
1397 958 1769 1035 scribendo

247 1048 567 1120 dicamus
628 1049 1028 1146 diligentius
1070 1108 1092 1144 ‚
1148 1056 1458 1128 dicendo
1517 1058 1772 1131 scriba·

250 1170 408 1220 mus
452 1144 750 1217 facilius,
796 1148 1248 1222 Scribendum
1291 1178 1457 1248 ergo
1484 1156 1766 1250 quoties

247 1239 531 1313 licebit:
570 1239 619 1309 fi
644 1240 715 1309 id
745 1265 889 1309 non
927 1243 1206 1315 dabitur
1226 1297 1250 1333 ‚
1279 1250 1766 1344 cogitandum:

257 1337 348 1406 ab
368 1352 669 1429 utroque
697 1334 949 1407 exclusi
970 1338 1231 1411 deb-ent
1252 1359 1486 1415 tamen
1505 1346 1720 1418 adniti
1741 1399 1771 1431 ,

257 1450 340 1503 ut
365 1454 592 1527 neque
621 1432 1084 1528 deprehensus
1127 1455 1370 1509 orator
1390 1495 1412 1530 ,
1443 1466 1671 1539 neque
1693 1440 1772 1514 li:-

255 1529 515 1626 tigator
540 1527 896 1604 destitutus
926 1530 1061 1604 effe
1096 1532 1446 1610 videatur.

255 1669 260 1676 -
359 1625 772 1725 Plerumque
833 1645 1068 1702 autem
1121 1633 1341 1705 multa
1403 1638 1770 1733 agentibus

264 1723 569 1819 accidit,
607 1742 685 1796 ut
709 1726 1006 1799 maxime
1043 1729 1460 1824 necessaria,
1524 1738 1603 1807 &
1637 1736 1773 1807 uti-

261 1847 404 1920 que
434 1821 632 1895 initia
686 1823 1025 1898 scribant:
1061 1844 1325 1901 caetera.
1353 1854 1508 1927 quae
1550 1832 1770 1905 domo

262 1921 552 1994 afferunt
581 1974 605 2014 ,
678 1922 1096 2018 cogitatione
1164 1929 1764 2024 comple&antur‚

159 2021 166 2026 ’
259 2016 499 2088 subitis
536 2043 624 2089 ex
650 2035 964 2115 tempore
991 2043 1383 2096 occurrant.
1418 2027 1637 2117 Quod
1661 2027 1761 2100 fe-

258 2114 414 2187 ciffe
452 2118 550 2188 M.
604 2115 906 2187 Tullium
943 2141 968 2172 ε
997 2121 1513 2194 commentariis
1552 2123 1763 2220 ipfius

261 2230 569 2308 apparet.
603 2213 741 2284 Sed
764 2215 1079 2286 feruntur
1109 2216 1398 2289 aliorum
1427 2244 1713 2316 quoque
1742 2276 1767 2312 ,

151 2312 158 2317 ’
257 2310 342 2383 .&
372 2309 643 2397 inv-emi
662 2307 847 2382 forte
863 2328 942 2381 ut
972 2334 1099 2384 eos
1141 2314 1441 2384 <murus
1477 2317 1768 2413 quisque

266 2405 755 2500 composuerat
793 2461 814 2496 ‚
866 2411 953 2480 &-
975 2409 1063 2478 ‘in
1100 2408 1318 2479 libros
1360 2409 1597 2504 digesti
1622 2466 1644 2501 ,
1681 2431 1764 2487 ut

267 2501 625 2574 causarum
679 2502 836 2597 quae‘
872 2503 1024 2574 sun-t
1061 2504 1229 2574 ⁴3&ae
1262 2508 1302 2574 a
1335 2505 1587 2577 Servio
1621 2509 1774 2578 Sul-

264 2598 490 2697 piti0‚
529 2595 730 2692 cujus
764 2616 902 2682 tres
931 2599 1293 2673 orationes
1326 2618 1592 2681 extant.
1635 2604 1772 2687 Sed

335 2830 365 2860 a
399 2818 568 2863 Levior
606 2811 665 2862 &⁸
691 2811 820 2875 quasi
848 2814 895 2859 in
918 2814 995 2861 su·
1044 2817 1180 2876 suut,
1227 2817 1311 2880 qui
1351 2816 1562 2867 summas
1611 2833 1772 2868 terum

266 2876 454 2943 perficiet
490 2894 689 2931 natans,
723 2878 911 2938 gravior
946 2882 994 2926 &
1041 2879 1439 2942 compleciuntur.
1496 2881 1571 2928 Illi
1611 2881 1772 2929 confi-

266 2941 551 3005 ptofundi·ot
573 2941 671 2990 fiet.
1044 2943 1282 2999 ciebantur
1319 2943 1379 2990 ab
1407 2945 1674 2992 oratoribus
1710 2942 1776 2991 ad

300 3006 326 3051 b
346 3011 466 3060 Quae
490 3005 627 3052 illam
645 3006 695 3051 in
710 2999 1000 3065 superficiem
1046 3008 1193 3051 causae
1221 3005 1579 3068 dispositionem
1598 3007 1647 3053 δι
1672 3018 1774 3051 me-

273 3079 404 3114 tettae
428 3068 734 3119 adducerent.
1048 3070 1273 3117 moriam.
1313 3067 1464 3119 Tum.

261 3182 268 3185 .
356 3146 381 3177 c
440 3126 779 3183 commentarii
817 3162 834 3189 ,
892 3127 1001 3178 libri
