2250 3761
482 129 647 200 Dr.
727 127 1330 206 MEMoRu.
1525 164 1679 239 311,

155 246 314 319 Sed
361 269 450 316 ne
491 244 631 317 hoc
679 243 963 342 quidem
1005 242 1287 315 infirmae
1327 250 1691 320 memoriae

158 342 572 415 remedium
602 343 693 414 est
714 391 742 426 ,
787 340 907 413 nisi
938 340 1011 412 in
1044 341 1130 413 iis
1163 341 1285 438 qui
1308 342 1426 415 sibi
1462 343 1696 417 facul-

164 450 404 514 tatem
426 439 727 536 aliquam
748 440 1025 515 dicendi
1047 465 1136 511 ex
1157 454 1478 536 tempore
1499 464 1699 538 para·

170 556 461 612 verunt.
493 537 714 630 Qubd
743 538 790 608 fi
816 537 927 610 cui
956 554 1336 634 utrumque
1356 537 1692 629 defuerit,

170 635 345 713 huic
373 635 703 709 omittere
749 654 971 708 totum
1008 635 1302 709 omnino
1345 634 1695 707 afflonum

171 733 506 806 laborem
536 787 558 824 ,
596 758 678 805 ac
710 733 755 804 si
784 733 949 829 quid
977 733 1047 807 in
1073 731 1295 805 literis
1323 731 1520 805 valet
1543 781 1570 815 ,
1613 732 1702 802 ad

175 830 620 905 scribendum
653 831 889 929 potius
917 830 1228 905 suadebo
1253 847 1702 907 convertere.

190 928 334 1002 Sed
354 928 498 1003 haec
527 955 687 1001 rara
717 929 1087 1004 infelicitas
1121 928 1281 1002 erit.

241 1027 685 1100 CAETERUM
705 1046 1038 1124 quantum
1057 1026 1303 1099 natura
1320 1025 1700 1194 studibffilse

181 1123 1466 1211 valeatmemoria‚velThemistocles
1487 1142 1557 1194 te
1620 1122 1634 1134 ’
1678 1174 1704 1211 ,

182 1244 404 1318 quem
442 1243 658 1290 unum
704 1219 885 1290 intra
924 1243 1179 1289 annum
1207 1220 1468 1313 optime
1499 1220 1703 1292 locu-

182 1334 343 1390 tum
371 1313 506 1388 effe
542 1315 803 1387 Perfice
839 1314 1106 1387 constat
1138 1343 1154 1386 ε
1192 1316 1311 1388 v'el
1342 1316 1708 1389 Mithrida-

185 1434 301 1488 tes
336 1466 361 1503 ,
411 1412 522 1484 cui
554 1413 722 1484 duas
757 1414 834 1484 &
869 1411 1112 1512 viginti
1147 1412 1409 1509 linguas
1443 1467 1467 1502 ‚
1527 1428 1707 1510 quot

190 1509 599 1584 nationibus
649 1509 1037 1611 imperabat
1070 1565 1095 1603 ,
1148 1511 1439 1582 traditur
1497 1531 1705 1583 notas

189 1607 445 1683 fuisse:
483 1609 601 1682 vel
633 1607 909 1683 Crassus
942 1608 1056 1682 ine
1089 1607 1289 1683 dives
1324 1663 1350 1698 ‚
1392 1607 1511 1706 qui
1546 1610 1707 1681 cum

194 1707 370 1781 Afiae
399 1707 708 1804 praeeffet
726 1763 749 1799 ‚
783 1708 1087 1806 quinque
1112 1705 1344 1780 Graeci
1371 1705 1723 1780 sermonis⁴

199 1804 624 1882 differentias
657 1806 749 1882 sle
779 1806 1001 1877 tenuit
1035 1859 1058 1896 ‚
1109 1823 1189 1880 ut
1234 1829 1368 1903 qua
1415 1803 1707 1903 quisque

200 1904 390 1999 apud
415 1927 577 1978 eum
600 1904 829 2001 lingua
855 1903 1244 2000 postulasset
1261 1958 1285 1993 ,
1317 1905 1561 1976 eadem
1584 1901 1707 1992 fibi

194 2000 308 2097 jus
337 2000 686 2074 redditum
715 2001 928 2074 ferret
958 2027 977 2073 ε
1018 2000 1136 2074 vel
1173 2002 1406 2099 Cyrus
1428 2056 1452 2091 ‚
1493 2024 1705 2099 quem

200 2098 514 2171 omnium
545 2097 843 2174 militum
876 2099 1162 2172 tenuifl'e
1214 2098 1555 2175 creditum
1608 2097 1706 2169 est

199 2198 511 2273 nomina.
573 2197 769 2290 Quin
814 2197 1023 2271 semel
1077 2196 1357 2269 auditos
1411 2189 1706 2293 quamli-

204 2296 328 2368 bet
355 2294 612 2367 multos
640 2296 879 2369 versus
909 2295 1223 2394 protinus
1256 2293 1510 2366 dicitur
1551 2290 1712 2361 red-

207 2392 450 2463 didiffe
490 2391 952 2466 TheodefteS.
1021 2388 1459 2464 Dicebantur
1502 2385 1713 2458 etiam

213 2486 354 2561 effe
390 2509 574 2560 nunc
606 2491 723 2586 qui
753 2490 1067 2565 facerent
1098 2540 1121 2577 ‚
1173 2485 1291 2559 sed
1328 2483 1499 2559 mihi
1541 2505 1712 2558 nun-
1780 2521 1787 2522 ff

220 2608 432 2681 quam
472 2600 549 2656 ut
590 2584 727 2681 ipse
769 2586 1157 2660 interessem
1189 2580 1477 2679 contigit
1512 2606 1533 2653 ε
1586 2581 1714 2652 ha-

223 2681 449 2753 benda
465 2698 697 2756 tamen
721 2682 890 2759 fides
905 2683 1004 2758 est
1018 2682 1140 2759 vel
1155 2682 1226 2756 in
1240 2681 1378 2757 hoc
1391 2735 1417 2775 ,
1440 2696 1560 2774 ut,
1588 2676 1710 2779 qui

223 2775 596 2855 crediderit
619 2832 644 2871 ,
685 2781 1037 2878 &speret-

836 2990 1099 3118 ἢαὲ
