2250 3761
489 144 640 239 184
789 139 1001 217 LIB‘.
1075 133 1240 215 xl.
1319 133 1559 214 CAP.
1602 132 1721 214 'Is

490 261 615 336 sed
655 276 734 336 ut
797 258 966 359 paffi
1001 257 1340 336 subimus.
1400 256 1588 330 Cium
1629 255 1851 332 etiam'
1879 259 2047 338 hoe

499 382 717 457 genus
758 353 1084 429 fimulari‘
1112 355 1353 428 litium
1385 354 1609 427 soleat
1647 411 1671 447 ‚
1708 359 1872 431 cum
1928 361 2054 455 jus

494 455 747 529 mortis
774 455 813 525 ὲ
840 453 1078 527 senatu
1104 452 1384 551 quidam
1405 507 1427 544 ‚
1452 452 1573 527 vel
1593 454 1693 526 ob
1716 455 2052 555 aliquam

494 576 819 651 magnam
848 550 1332 628 infelicitatem
1362 604 1385 640 ‚
1408 550 1529 624 vel
1555 551 1776 623 etiam
1802 556 2048 651 poeni-⁴

501 650 843 741 tentiam,
882 667 1177 746 petunt:
1210 648 1281 719 in
1325 647 1579 745 quibus
1623 673 1773 722 non
1798 651 2040 726 solum

492 772 639 821 non
659 765 939 822 cantare
961 803 984 838 ,
1013 745 1208 846 quod
1234 744 1484 820 vitium
1519 748 1869 843 pervasit,
1898 768 2047 825 aur

499 844 823 920 lascivire
849 900 876 938 ,
912 844 1029 936 sed
1071 870 1162 918 ne
1214 844 1680 941 argumentari
1734 847 2043 957 quidem

497 942 621 1015 nifi
665 942 874 1015 mistis
903 997 926 1032 ,
980 946 1058 1017 &
1115 940 1402 1040 quidem
1439 940 1537 1015 ita
1569 998 1592 1033 ,
1633 959 1710 1015 ut
1754 969 1827 1014 m
1868 944 2034 1043 ipsa

495 1041 924 1140 probatione
958 1039 1181 1152 magis
1221 1039 1576 1112 emineant
1606 1095 1628 1131 ‚
1661 1040 2036 1116 affectibus

501 1139 731 1212 decet.
759 1135 944 1212 Nam
986 1161 1106 1234 qui
1150 1136 1613 1211 intermittere
1643 1138 1713 1210 in
1742 1142 2035 1236 agendo

413 1232 418 1236 ’
502 1237 828 1310 dolorem
855 1235 1125 1334 potest,
1148 1233 1436 1311 videtur
1459 1235 1650 1335 poffe
1676 1236 1890 1312 etiam
1908 1239 2033 1313 de·

507 1351 797 1437 ponere.
1171 1424 1177 1429 ·

604 1437 672 1508 6.
701 1433 1015 1509 Nescio
1058 1449 1296 1508 tamen
1330 1457 1420 1507 an
1454 1431 1659 1527 hujus
1703 1431 1849 1529 (de
1879 1459 2032 1533 quo

501 1530 865 1630 loquimur
912 1533 945 1633 )
1003 1531 1282 1607 decoris
1346 1530 1658 1612 custodia
1718 1534 2035 1606 maxime*

506 1628 697 1702 circa
723 1654 849 1703 eos
866 1683 888 1720 ,
915 1648 1161 1703 contra
1189 1653 1367 1728 quos
1397 1627 1689 1703 dicimus
1715 1688 1731 1713 ,
1765 1631 2028 1704 exami-

502 1728 732 1801 nanda
776 1727 873 1802 fit.
920 1728 1105 1799 Nam
1159 1725 1297 1799 fine
1341 1727 1562 1802 dubio
1591 1728 1666 1800 in
1699 1727 2030 1800 omnibus

504 1825 733 1899 statim
757 1825 1316 1902 accusationibus
1340 1825 1478 1901 hoc
1512 1827 1855 1923 agendum
1884 1828 1981 1900 est
1998 1884 2028 1920 ‚

507 1950 600 1997 ne
620 1925 704 1997 ad
729 1950 848 1997 eas
873 1925 1178 1998 libenter
1193 1924 1610 1999 descendifi'e
1634 1925 2034 1998 videamur.

504 2018 821 2120 Ideoque
870 2023 1042 2095 mihi
1096 2023 1271 2096 illud
1322 2020 1527 2096 Caffii
1573 2024 1822 2095 Severi
1874 2046 2024 2096 non

506 2118 968 2194 mediocriter
994 2119 1355 2220 displicet:
1391 2125 1528 2194 Dii
1570 2123 1764 2210 boni,
1802 2122 1955 2193 rivo
1985 2150 2029 2209 ,-

513 2223 574 2295 6³
596 2246 722 2316 quo
745 2247 840 2291 me
877 2224 1086 2309 vivere·
1096 2223 1292 2313 juvet
1319 2276 1342 2311 ‚
1395 2222 1804 2313 Aspernatem
1852 2245 2030 2290 reum

510 2322 710 2394 video.
773 2317 941 2391 Non
977 2318 1164 2392 enim
1187 2317 1359 2413 justa
1400 2343 1486 2392 ex
1532 2313 1732 2390 causa
1759 2317 1877 2390 vel
1905 2341 2031 2390 ne·-

514 2415 795 2490 ceffaria
840 2416 1072 2493 videri
1119 2415 1347 2516 potest
1399 2411 1767 2515 postulass'e
1809 2439 1967 2487 eum
2004 2426 2033 2502 ,‘

513 2515 636 2588 sed
679 2516 979 2614 quadam
1015 2515 1381 2590 accusandi
1413 2515 1809 2613 voluptate.
1858 2514 2039 2586 Prae--

508 2628 620 2686 ter
664 2613 1146 2707 hoc‘tamen‚'
1176 2612 1371 2712 quod
1425 2611 1528 2686 est
1575 2636 1949 2685 commune
1996 2666 2023 2703 ‚

510 2708 872 2807 propriam
889 2712 1453 2785 moderationem
1474 2736 1564 2810 qu
1573 2710 1795 2782 aedam
1812 2708 2027 2781 causae

509 2803 926 2881 defiderant.
980 2810 1442 2911 Quapropter
1470 2812 1550 2883 &
1592 2806 1714 2905 qui
1735 2807 2025 2882 curatio-

497 2916 673 3003 *ne-m
702 2902 1051 2978 bonorum
1093 2907 1306 3004 patris
1334 2904 1713 3005 postulabit
1734 2960 1758 2998 ,
1791 2905 2021 2977 doleat

513 3000 666 3093 ejus
706 3003 1110 3098 valetudine
1163 3034 1181 3079 ε
1234 3007 1314 3078 &
1356 3003 1744 3105 quamlibet
1791 3000 2024 3103 gravia

512 3099 660 3174 filio
686 3119 886 3201 pater
926 3103 1324 3203 objeRurus
1354 3156 1383 3197 ‚
1426 3098 2031 3177 miserrimam“fibi
