<?xml version="1.0" encoding="UTF-8"?>
<!DOCTYPE html PUBLIC "-//W3C//DTD XHTML 1.0 Transitional//EN"
    "http://www.w3.org/TR/xhtml1/DTD/xhtml1-transitional.dtd">
<html xmlns="http://www.w3.org/1999/xhtml" xml:lang="en" lang="en">
 <head>
  <title>
</title>
<meta http-equiv="Content-Type" content="text/html;charset=utf-8" />
  <meta name='ocr-system' content='tesseract 3.04.00' />
  <meta name='ocr-capabilities' content='ocr_page ocr_carea ocr_par ocr_line ocrx_word'/>
</head>
<body>
  <div class='ocr_page' id='page_1' title='image "./marcifabiiquint00quingoog_0319.png"; bbox 0 0 2250 3761; ppageno 0'>
   <div class='ocr_carea' id='block_1_1' title="bbox 417 148 1705 247">
    <p class='ocr_par' dir='ltr' id='par_1_1' title="bbox 417 148 1705 247">
     <span class='ocr_line' id='line_1_1' title="bbox 417 148 1705 247; baseline -0.002 -19"><span class='ocrx_word' id='word_1_1' title='bbox 417 154 547 228; x_wconf 67' lang='lat' dir='ltr'>DE</span> <span class='ocrx_word' id='word_1_2' title='bbox 587 148 1395 225; x_wconf 60' lang='lat' dir='ltr'>‘Pnonuwrmnonm</span> <span class='ocrx_word' id='word_1_3' title='bbox 1558 173 1705 247; x_wconf 73' lang='lat'>313</span> 
     </span>
    </p>
   </div>
   <div class='ocr_carea' id='block_1_2' title="bbox 183 267 1722 3272">
    <p class='ocr_par' dir='ltr' id='par_1_2' title="bbox 185 267 1717 543">
     <span class='ocr_line' id='line_1_2' title="bbox 185 267 1702 363; baseline -0.006 -15"><span class='ocrx_word' id='word_1_4' title='bbox 185 267 643 348; x_wconf 78' lang='lat' dir='ltr'>nuntiationis</span> <span class='ocrx_word' id='word_1_5' title='bbox 667 322 693 360; x_wconf 87' lang='lat'><strong><em>‚</em></strong></span> <span class='ocrx_word' id='word_1_6' title='bbox 755 289 1012 341; x_wconf 86' lang='lat' dir='ltr'>vocem</span> <span class='ocrx_word' id='word_1_7' title='bbox 1046 320 1071 358; x_wconf 88' lang='lat'><strong>,</strong></span> <span class='ocrx_word' id='word_1_8' title='bbox 1124 282 1341 363; x_wconf 83' lang='lat' dir='ltr'>atque</span> <span class='ocrx_word' id='word_1_9' title='bbox 1403 284 1702 351; x_wconf 85' lang='lat' dir='ltr'>motum·</span> 
     </span>
     <span class='ocr_line' id='line_1_3' title="bbox 198 362 1717 467; baseline -0.002 -25"><span class='ocrx_word' id='word_1_10' title='bbox 198 373 653 467; x_wconf 83' lang='lat' dir='ltr'>Quapropter</span> <span class='ocrx_word' id='word_1_11' title='bbox 675 383 972 462; x_wconf 89' lang='lat' dir='ltr'>utraque</span> <span class='ocrx_word' id='word_1_12' title='bbox 997 363 1472 461; x_wconf 85' lang='lat' dir='ltr'>appellatione</span> <span class='ocrx_word' id='word_1_13' title='bbox 1504 362 1717 445; x_wconf 63' lang='lat' dir='ltr'>indis«.</span> 
     </span>
     <span class='ocr_line' id='line_1_4' title="bbox 194 463 1704 543; baseline -0.005 -1"><span class='ocrx_word' id='word_1_14' title='bbox 194 468 504 543; x_wconf 68' lang='lat' dir='ltr'>fierenter</span> <span class='ocrx_word' id='word_1_15' title='bbox 528 463 635 537; x_wconf 89' lang='lat' dir='ltr'>uti</span> <span class='ocrx_word' id='word_1_16' title='bbox 668 463 856 536; x_wconf 88' lang='lat' dir='ltr'>licet.</span> <span class='ocrx_word' id='word_1_17' title='bbox 931 476 936 481; x_wconf 86' lang='lat'>&#39;</span> <span class='ocrx_word' id='word_1_18' title='bbox 1320 470 1359 543; x_wconf 68' lang='lat' dir='ltr'><strong><em>f</em></strong></span> <span class='ocrx_word' id='word_1_19' title='bbox 1694 495 1704 503; x_wconf 93' lang='lat'><em>·</em></span> 
     </span>
    </p>

    <p class='ocr_par' dir='ltr' id='par_1_3' title="bbox 185 555 1722 2189">
     <span class='ocr_line' id='line_1_5' title="bbox 286 555 1706 659; baseline -0.003 -21"><span class='ocrx_word' id='word_1_20' title='bbox 286 564 519 638; x_wconf 87' lang='lat' dir='ltr'>Habet</span> <span class='ocrx_word' id='word_1_21' title='bbox 569 579 804 634; x_wconf 88' lang='lat' dir='ltr'>autem</span> <span class='ocrx_word' id='word_1_22' title='bbox 856 581 969 635; x_wconf 88' lang='lat' dir='ltr'>res</span> <span class='ocrx_word' id='word_1_23' title='bbox 1005 555 1151 655; x_wconf 88' lang='lat' dir='ltr'>ipsa</span> <span class='ocrx_word' id='word_1_24' title='bbox 1200 559 1448 634; x_wconf 90' lang='lat' dir='ltr'>miram</span> <span class='ocrx_word' id='word_1_25' title='bbox 1479 585 1706 659; x_wconf 86' lang='lat' dir='ltr'>quan-</span> 
     </span>
     <span class='ocr_line' id='line_1_6' title="bbox 194 654 1722 756; baseline -0.002 -20"><span class='ocrx_word' id='word_1_26' title='bbox 194 662 458 737; x_wconf 85' lang='lat' dir='ltr'>damin</span> <span class='ocrx_word' id='word_1_27' title='bbox 493 657 892 732; x_wconf 89' lang='lat' dir='ltr'>oratoribus</span> <span class='ocrx_word' id='word_1_28' title='bbox 936 654 1084 730; x_wconf 88' lang='lat' dir='ltr'>vim</span> <span class='ocrx_word' id='word_1_29' title='bbox 1121 681 1213 749; x_wconf 27' lang='lat' dir='ltr'>ac·</span> <span class='ocrx_word' id='word_1_30' title='bbox 1253 657 1722 756; x_wconf 48' lang='lat' dir='ltr'>potestatems</span> 
     </span>
     <span class='ocr_line' id='line_1_7' title="bbox 185 752 1704 857; baseline 0.003 -32"><span class='ocrx_word' id='word_1_31' title='bbox 185 760 451 857; x_wconf 85' lang='lat' dir='ltr'>Neque</span> <span class='ocrx_word' id='word_1_32' title='bbox 476 755 658 831; x_wconf 86' lang='lat' dir='ltr'>enim</span> <span class='ocrx_word' id='word_1_33' title='bbox 685 772 826 828; x_wconf 86' lang='lat' dir='ltr'>tam</span> <span class='ocrx_word' id='word_1_34' title='bbox 861 752 1084 827; x_wconf 85' lang='lat' dir='ltr'><strong>refert</strong></span> <span class='ocrx_word' id='word_1_35' title='bbox 1120 756 1352 852; x_wconf 89' lang='lat' dir='ltr'>qualia</span> <span class='ocrx_word' id='word_1_36' title='bbox 1386 755 1513 827; x_wconf 88' lang='lat' dir='ltr'>fint</span> <span class='ocrx_word' id='word_1_37' title='bbox 1547 782 1704 854; x_wconf 78' lang='lat' dir='ltr'>quae</span> 
     </span>
     <span class='ocr_line' id='line_1_8' title="bbox 194 851 1702 965; baseline -0.001 -37"><span class='ocrx_word' id='word_1_38' title='bbox 194 855 379 929; x_wconf 87' lang='lat' dir='ltr'>intra</span> <span class='ocrx_word' id='word_1_39' title='bbox 408 851 860 951; x_wconf 87' lang='lat' dir='ltr'>nosmetipsos</span> <span class='ocrx_word' id='word_1_40' title='bbox 889 853 1409 950; x_wconf 85' lang='lat' dir='ltr'>composuimus</span> <span class='ocrx_word' id='word_1_41' title='bbox 1433 905 1452 935; x_wconf 89' lang='lat'>,</span> <span class='ocrx_word' id='word_1_42' title='bbox 1491 855 1702 965; x_wconf 71' lang='lat' dir='ltr'>quam</span> 
     </span>
     <span class='ocr_line' id='line_1_9' title="bbox 194 950 1703 1120; baseline -0.003 -94"><span class='ocrx_word' id='word_1_43' title='bbox 194 978 341 1049; x_wconf 88' lang='lat' dir='ltr'>quo</span> <span class='ocrx_word' id='word_1_44' title='bbox 370 954 587 1027; x_wconf 91' lang='lat' dir='ltr'>modo</span> <span class='ocrx_word' id='word_1_45' title='bbox 639 953 1067 1026; x_wconf 82' lang='lat' dir='ltr'>efferantur:</span> <span class='ocrx_word' id='word_1_46' title='bbox 1100 974 1264 1024; x_wconf 88' lang='lat' dir='ltr'>nam</span> <span class='ocrx_word' id='word_1_47' title='bbox 1290 952 1385 1025; x_wconf 92' lang='lat' dir='ltr'>ita</span> <span class='ocrx_word' id='word_1_48' title='bbox 1408 950 1703 1120; x_wconf 59' lang='lat' dir='ltr'>quiscssie</span> 
     </span>
     <span class='ocr_line' id='line_1_10' title="bbox 188 1049 1708 1148; baseline -0.001 -24"><span class='ocrx_word' id='word_1_49' title='bbox 188 1066 268 1124; x_wconf 90' lang='lat' dir='ltr'>ut</span> <span class='ocrx_word' id='word_1_50' title='bbox 295 1051 489 1124; x_wconf 87' lang='lat' dir='ltr'>audit</span> <span class='ocrx_word' id='word_1_51' title='bbox 509 1106 533 1142; x_wconf 85' lang='lat'>‚</span> <span class='ocrx_word' id='word_1_52' title='bbox 552 1069 908 1124; x_wconf 87' lang='lat' dir='ltr'>movetur.</span> <span class='ocrx_word' id='word_1_53' title='bbox 936 1049 1182 1139; x_wconf 81' lang='lat' dir='ltr'>Quare</span> <span class='ocrx_word' id='word_1_54' title='bbox 1202 1074 1432 1148; x_wconf 90' lang='lat' dir='ltr'>neque</span> <span class='ocrx_word' id='word_1_55' title='bbox 1454 1073 1583 1145; x_wconf 89' lang='lat' dir='ltr'>pro</span> <span class='ocrx_word' id='word_1_56' title='bbox 1637 1075 1708 1123; x_wconf 86' lang='lat' dir='ltr'>a·</span> 
     </span>
     <span class='ocr_line' id='line_1_11' title="bbox 190 1143 1702 1241; baseline -0.001 -23"><span class='ocrx_word' id='word_1_57' title='bbox 190 1146 299 1218; x_wconf 90' lang='lat' dir='ltr'>tio</span> <span class='ocrx_word' id='word_1_58' title='bbox 332 1148 478 1218; x_wconf 86' lang='lat' dir='ltr'>ulla</span> <span class='ocrx_word' id='word_1_59' title='bbox 502 1199 526 1234; x_wconf 90' lang='lat'>‚</span> <span class='ocrx_word' id='word_1_60' title='bbox 561 1170 718 1241; x_wconf 81' lang='lat' dir='ltr'>quae</span> <span class='ocrx_word' id='word_1_61' title='bbox 747 1143 970 1214; x_wconf 72' lang='lat' dir='ltr'>modo</span> <span class='ocrx_word' id='word_1_62' title='bbox 1000 1144 1204 1216; x_wconf 86' lang='lat' dir='ltr'>venit</span> <span class='ocrx_word' id='word_1_63' title='bbox 1238 1147 1324 1217; x_wconf 91' lang='lat' dir='ltr'>ab</span> <span class='ocrx_word' id='word_1_64' title='bbox 1369 1164 1654 1218; x_wconf 88' lang='lat' dir='ltr'>oratore</span> <span class='ocrx_word' id='word_1_65' title='bbox 1675 1200 1702 1234; x_wconf 89' lang='lat'><strong>,</strong></span> 
     </span>
     <span class='ocr_line' id='line_1_12' title="bbox 190 1239 1702 1334; baseline -0.001 -19"><span class='ocrx_word' id='word_1_66' title='bbox 190 1260 339 1318; x_wconf 88' lang='lat' dir='ltr'>tam</span> <span class='ocrx_word' id='word_1_67' title='bbox 368 1242 563 1315; x_wconf 84' lang='lat' dir='ltr'>firma</span> <span class='ocrx_word' id='word_1_68' title='bbox 583 1239 729 1330; x_wconf 84' lang='lat' dir='ltr'>est,</span> <span class='ocrx_word' id='word_1_69' title='bbox 762 1254 1014 1311; x_wconf 87' lang='lat' dir='ltr'>utnon</span> <span class='ocrx_word' id='word_1_70' title='bbox 1034 1239 1280 1334; x_wconf 83' lang='lat' dir='ltr'>perdat</span> <span class='ocrx_word' id='word_1_71' title='bbox 1303 1241 1490 1315; x_wconf 86' lang='lat' dir='ltr'>vires</span> <span class='ocrx_word' id='word_1_72' title='bbox 1511 1242 1660 1319; x_wconf 81' lang='lat' dir='ltr'>suas</span> <span class='ocrx_word' id='word_1_73' title='bbox 1678 1297 1702 1332; x_wconf 86' lang='lat'>‚</span> 
     </span>
     <span class='ocr_line' id='line_1_13' title="bbox 194 1334 1705 1431; baseline 0.004 -21"><span class='ocrx_word' id='word_1_74' title='bbox 194 1339 317 1410; x_wconf 75' lang='lat' dir='ltr'>nist</span> <span class='ocrx_word' id='word_1_75' title='bbox 379 1337 748 1431; x_wconf 82' lang='lat' dir='ltr'>adjuvetur</span> <span class='ocrx_word' id='word_1_76' title='bbox 812 1334 1323 1412; x_wconf 68' lang='lat' dir='ltr'>asseveratione</span> <span class='ocrx_word' id='word_1_77' title='bbox 1383 1337 1705 1416; x_wconf 74' lang='lat' dir='ltr'>dicentis-</span> 
     </span>
     <span class='ocr_line' id='line_1_14' title="bbox 197 1429 1702 1534; baseline -0.001 -26"><span class='ocrx_word' id='word_1_78' title='bbox 197 1432 500 1508; x_wconf 67' lang='lat' dir='ltr'>Affeflus</span> <span class='ocrx_word' id='word_1_79' title='bbox 526 1454 770 1506; x_wconf 85' lang='lat' dir='ltr'>omnes</span> <span class='ocrx_word' id='word_1_80' title='bbox 792 1429 1253 1530; x_wconf 61' lang='lat' dir='ltr'>&#39;languescant</span> <span class='ocrx_word' id='word_1_81' title='bbox 1276 1435 1544 1519; x_wconf 76' lang='lat' dir='ltr'>necesse</span> <span class='ocrx_word' id='word_1_82' title='bbox 1569 1436 1702 1534; x_wconf 73' lang='lat' dir='ltr'>est,</span> 
     </span>
     <span class='ocr_line' id='line_1_15' title="bbox 197 1529 1704 1630; baseline 0 -26"><span class='ocrx_word' id='word_1_83' title='bbox 197 1531 322 1604; x_wconf 76' lang='lat' dir='ltr'>nisi</span> <span class='ocrx_word' id='word_1_84' title='bbox 369 1555 598 1623; x_wconf 88' lang='lat' dir='ltr'>voce,</span> <span class='ocrx_word' id='word_1_85' title='bbox 640 1529 848 1606; x_wconf 87' lang='lat' dir='ltr'>vultu</span> <span class='ocrx_word' id='word_1_86' title='bbox 876 1583 898 1618; x_wconf 91' lang='lat'><strong>,</strong></span> <span class='ocrx_word' id='word_1_87' title='bbox 933 1530 1146 1604; x_wconf 87' lang='lat' dir='ltr'>totius</span> <span class='ocrx_word' id='word_1_88' title='bbox 1185 1533 1405 1630; x_wconf 76' lang='lat' dir='ltr'>prope</span> <span class='ocrx_word' id='word_1_89' title='bbox 1455 1531 1704 1605; x_wconf 88' lang='lat' dir='ltr'>habitu</span> 
     </span>
     <span class='ocr_line' id='line_1_16' title="bbox 196 1627 1705 1728; baseline -0.002 -22"><span class='ocrx_word' id='word_1_90' title='bbox 196 1629 517 1728; x_wconf 84' lang='lat' dir='ltr'>corporis</span> <span class='ocrx_word' id='word_1_91' title='bbox 543 1627 987 1702; x_wconf 79' lang='lat' dir='ltr'>inardescant.</span> <span class='ocrx_word' id='word_1_92' title='bbox 1009 1628 1189 1703; x_wconf 84' lang='lat' dir='ltr'>Nam</span> <span class='ocrx_word' id='word_1_93' title='bbox 1208 1631 1366 1702; x_wconf 70' lang='lat' dir='ltr'>cum</span> <span class='ocrx_word' id='word_1_94' title='bbox 1384 1631 1530 1703; x_wconf 83' lang='lat' dir='ltr'>haec</span> <span class='ocrx_word' id='word_1_95' title='bbox 1548 1653 1705 1703; x_wconf 89' lang='lat' dir='ltr'>om-·</span> 
     </span>
     <span class='ocr_line' id='line_1_17' title="bbox 194 1725 1699 1818; baseline 0.001 -18"><span class='ocrx_word' id='word_1_96' title='bbox 194 1727 311 1800; x_wconf 89' lang='lat' dir='ltr'>nia</span> <span class='ocrx_word' id='word_1_97' title='bbox 326 1726 699 1803; x_wconf 83' lang='lat' dir='ltr'>fecerimus</span> <span class='ocrx_word' id='word_1_98' title='bbox 718 1781 743 1818; x_wconf 89' lang='lat'><strong>,</strong></span> <span class='ocrx_word' id='word_1_99' title='bbox 764 1725 1003 1800; x_wconf 85' lang='lat' dir='ltr'>felices</span> <span class='ocrx_word' id='word_1_100' title='bbox 1027 1782 1050 1818; x_wconf 85' lang='lat'>‚</span> <span class='ocrx_word' id='word_1_101' title='bbox 1072 1727 1121 1798; x_wconf 88' lang='lat' dir='ltr'><strong>fi</strong></span> <span class='ocrx_word' id='word_1_102' title='bbox 1143 1744 1375 1803; x_wconf 89' lang='lat' dir='ltr'>tamen</span> <span class='ocrx_word' id='word_1_103' title='bbox 1391 1728 1699 1802; x_wconf 88' lang='lat' dir='ltr'>nostrum</span> 
     </span>
     <span class='ocr_line' id='line_1_18' title="bbox 194 1823 1696 1925; baseline 0.003 -30"><span class='ocrx_word' id='word_1_104' title='bbox 194 1823 391 1898; x_wconf 90' lang='lat' dir='ltr'>illum</span> <span class='ocrx_word' id='word_1_105' title='bbox 421 1826 651 1925; x_wconf 86' lang='lat' dir='ltr'>ignem</span> <span class='ocrx_word' id='word_1_106' title='bbox 694 1825 905 1919; x_wconf 76' lang='lat' dir='ltr'>judex</span> <span class='ocrx_word' id='word_1_107' title='bbox 952 1825 1399 1923; x_wconf 83' lang='lat' dir='ltr'>conceperit!</span> <span class='ocrx_word' id='word_1_108' title='bbox 1441 1828 1696 1901; x_wconf 88' lang='lat' dir='ltr'>nedum</span> 
     </span>
     <span class='ocr_line' id='line_1_19' title="bbox 197 1920 1693 2019; baseline 0.005 -26"><span class='ocrx_word' id='word_1_109' title='bbox 197 1944 363 1993; x_wconf 87' lang='lat' dir='ltr'>eum</span> <span class='ocrx_word' id='word_1_110' title='bbox 393 1920 633 2019; x_wconf 83' lang='lat' dir='ltr'>supini</span> <span class='ocrx_word' id='word_1_111' title='bbox 685 1924 1049 2019; x_wconf 84' lang='lat' dir='ltr'>securique</span> <span class='ocrx_word' id='word_1_112' title='bbox 1109 1947 1521 2000; x_wconf 85' lang='lat' dir='ltr'>moveamus</span> <span class='ocrx_word' id='word_1_113' title='bbox 1552 1978 1574 2011; x_wconf 92' lang='lat'>,</span> <span class='ocrx_word' id='word_1_114' title='bbox 1609 1951 1693 2001; x_wconf 89' lang='lat' dir='ltr'>ac</span> 
     </span>
     <span class='ocr_line' id='line_1_20' title="bbox 188 2017 1694 2117; baseline 0.003 -24"><span class='ocrx_word' id='word_1_115' title='bbox 188 2042 341 2093; x_wconf 85' lang='lat' dir='ltr'>non</span> <span class='ocrx_word' id='word_1_116' title='bbox 388 2022 466 2094; x_wconf 88' lang='lat'>&amp;</span> <span class='ocrx_word' id='word_1_117' title='bbox 512 2017 657 2117; x_wconf 81' lang='lat' dir='ltr'>ipse</span> <span class='ocrx_word' id='word_1_118' title='bbox 713 2018 945 2092; x_wconf 88' lang='lat' dir='ltr'>nostra</span> <span class='ocrx_word' id='word_1_119' title='bbox 996 2020 1406 2099; x_wconf 86' lang='lat' dir='ltr'>oscitatione</span> <span class='ocrx_word' id='word_1_120' title='bbox 1460 2025 1694 2102; x_wconf 82' lang='lat' dir='ltr'>solva-</span> 
     </span>
     <span class='ocr_line' id='line_1_21' title="bbox 194 2132 402 2189; baseline 0.01 -1"><span class='ocrx_word' id='word_1_121' title='bbox 194 2132 328 2189; x_wconf 77' lang='lat' dir='ltr'>tur.</span> <span class='ocrx_word' id='word_1_122' title='bbox 398 2159 402 2166; x_wconf 87' lang='lat'><em>·</em></span> 
     </span>
    </p>

    <p class='ocr_par' dir='ltr' id='par_1_4' title="bbox 183 2213 1711 3266">
     <span class='ocr_line' id='line_1_22' title="bbox 282 2213 1694 2301; baseline 0.001 -14"><span class='ocrx_word' id='word_1_123' title='bbox 282 2216 741 2289; x_wconf 90' lang='lat' dir='ltr'>Documento</span> <span class='ocrx_word' id='word_1_124' title='bbox 763 2213 915 2298; x_wconf 84' lang='lat' dir='ltr'>sunt</span> <span class='ocrx_word' id='word_1_125' title='bbox 938 2216 1060 2291; x_wconf 87' lang='lat' dir='ltr'>vel</span> <span class='ocrx_word' id='word_1_126' title='bbox 1083 2214 1341 2292; x_wconf 88' lang='lat' dir='ltr'>scenici</span> <span class='ocrx_word' id='word_1_127' title='bbox 1375 2220 1641 2291; x_wconf 71' lang='lat' dir='ltr'>astores</span> <span class='ocrx_word' id='word_1_128' title='bbox 1664 2268 1694 2301; x_wconf 88' lang='lat'><em>,</em></span> 
     </span>
     <span class='ocr_line' id='line_1_23' title="bbox 189 2311 1696 2409; baseline 0.001 -27"><span class='ocrx_word' id='word_1_129' title='bbox 189 2312 313 2409; x_wconf 88' lang='lat' dir='ltr'>qui</span> <span class='ocrx_word' id='word_1_130' title='bbox 347 2314 425 2385; x_wconf 87' lang='lat'>&amp;</span> <span class='ocrx_word' id='word_1_131' title='bbox 460 2311 742 2408; x_wconf 86' lang='lat' dir='ltr'>optimis</span> <span class='ocrx_word' id='word_1_132' title='bbox 787 2330 1160 2407; x_wconf 87' lang='lat' dir='ltr'>poetarum</span> <span class='ocrx_word' id='word_1_133' title='bbox 1184 2331 1465 2387; x_wconf 84' lang='lat' dir='ltr'>-tantum</span> <span class='ocrx_word' id='word_1_134' title='bbox 1520 2312 1696 2408; x_wconf 88' lang='lat' dir='ltr'>adji-</span> 
     </span>
     <span class='ocr_line' id='line_1_24' title="bbox 190 2408 1695 2509; baseline -0.003 -27"><span class='ocrx_word' id='word_1_135' title='bbox 190 2410 385 2482; x_wconf 88' lang='lat' dir='ltr'>ciunt</span> <span class='ocrx_word' id='word_1_136' title='bbox 423 2408 657 2503; x_wconf 77' lang='lat' dir='ltr'>gratiae</span> <span class='ocrx_word' id='word_1_137' title='bbox 677 2461 702 2497; x_wconf 86' lang='lat'><strong>,</strong></span> <span class='ocrx_word' id='word_1_138' title='bbox 752 2426 832 2481; x_wconf 92' lang='lat' dir='ltr'>ut</span> <span class='ocrx_word' id='word_1_139' title='bbox 859 2433 996 2485; x_wconf 85' lang='lat' dir='ltr'>nos</span> <span class='ocrx_word' id='word_1_140' title='bbox 1025 2411 1289 2484; x_wconf 76' lang='lat' dir='ltr'>infinite</span> <span class='ocrx_word' id='word_1_141' title='bbox 1323 2412 1541 2509; x_wconf 83' lang='lat' dir='ltr'>magis</span> <span class='ocrx_word' id='word_1_142' title='bbox 1569 2435 1695 2481; x_wconf 64' lang='lat' dir='ltr'>ea—</span> 
     </span>
     <span class='ocr_line' id='line_1_25' title="bbox 185 2502 1689 2605; baseline 0.001 -28"><span class='ocrx_word' id='word_1_143' title='bbox 185 2506 354 2581; x_wconf 86' lang='lat' dir='ltr'>dem</span> <span class='ocrx_word' id='word_1_144' title='bbox 396 2502 515 2576; x_wconf 90' lang='lat' dir='ltr'>illa</span> <span class='ocrx_word' id='word_1_145' title='bbox 556 2505 794 2576; x_wconf 85' lang='lat' dir='ltr'>audita</span> <span class='ocrx_word' id='word_1_146' title='bbox 834 2508 1045 2605; x_wconf 70' lang='lat' dir='ltr'>quam</span> <span class='ocrx_word' id='word_1_147' title='bbox 1083 2508 1258 2583; x_wconf 72' lang='grc' dir='ltr'>Ιεᾶει</span> <span class='ocrx_word' id='word_1_148' title='bbox 1294 2508 1638 2582; x_wconf 69' lang='grc' dir='ltr'>ἀεῙεὲὶειπ</span> <span class='ocrx_word' id='word_1_149' title='bbox 1660 2533 1689 2595; x_wconf 83' lang='lat'>3</span> 
     </span>
     <span class='ocr_line' id='line_1_26' title="bbox 193 2598 1692 2703; baseline -0.001 -25"><span class='ocrx_word' id='word_1_150' title='bbox 193 2607 276 2678; x_wconf 85' lang='lat'>&amp;</span> <span class='ocrx_word' id='word_1_151' title='bbox 295 2598 626 2674; x_wconf 65' lang='lat' dir='ltr'>vilissimis</span> <span class='ocrx_word' id='word_1_152' title='bbox 652 2600 862 2675; x_wconf 89' lang='lat' dir='ltr'>etiam</span> <span class='ocrx_word' id='word_1_153' title='bbox 887 2603 1297 2703; x_wconf 89' lang='lat' dir='ltr'>quibusdam</span> <span class='ocrx_word' id='word_1_154' title='bbox 1315 2605 1692 2703; x_wconf 87' lang='lat' dir='ltr'>impetrent</span> 
     </span>
     <span class='ocr_line' id='line_1_27' title="bbox 186 2698 1689 2795; baseline 0.004 -23"><span class='ocrx_word' id='word_1_155' title='bbox 186 2722 398 2774; x_wconf 86' lang='lat' dir='ltr'>aures</span> <span class='ocrx_word' id='word_1_156' title='bbox 416 2749 440 2788; x_wconf 88' lang='lat'>,</span> <span class='ocrx_word' id='word_1_157' title='bbox 461 2713 551 2785; x_wconf 79' lang='lat' dir='ltr'>ut</span> <span class='ocrx_word' id='word_1_158' title='bbox 569 2698 826 2795; x_wconf 84' lang='lat' dir='ltr'>quibus</span> <span class='ocrx_word' id='word_1_159' title='bbox 857 2702 1085 2775; x_wconf 87' lang='lat' dir='ltr'>nullus</span> <span class='ocrx_word' id='word_1_160' title='bbox 1106 2703 1202 2776; x_wconf 92' lang='lat' dir='ltr'>est</span> <span class='ocrx_word' id='word_1_161' title='bbox 1218 2704 1291 2776; x_wconf 90' lang='lat' dir='ltr'>in</span> <span class='ocrx_word' id='word_1_162' title='bbox 1313 2704 1689 2779; x_wconf 89' lang='lat' dir='ltr'>bibliothe-</span> 
     </span>
     <span class='ocr_line' id='line_1_28' title="bbox 187 2795 1689 2894; baseline 0.008 -25"><span class='ocrx_word' id='word_1_163' title='bbox 187 2795 295 2870; x_wconf 87' lang='lat' dir='ltr'>cis</span> <span class='ocrx_word' id='word_1_164' title='bbox 330 2796 528 2868; x_wconf 87' lang='lat' dir='ltr'>locus</span> <span class='ocrx_word' id='word_1_165' title='bbox 551 2845 579 2879; x_wconf 89' lang='lat'><strong><em>,</em></strong></span> <span class='ocrx_word' id='word_1_166' title='bbox 611 2795 692 2866; x_wconf 86' lang='lat' dir='ltr'>fit</span> <span class='ocrx_word' id='word_1_167' title='bbox 716 2797 920 2873; x_wconf 87' lang='lat' dir='ltr'>etiam</span> <span class='ocrx_word' id='word_1_168' title='bbox 937 2799 1040 2872; x_wconf 91' lang='lat' dir='ltr'>fre</span> <span class='ocrx_word' id='word_1_169' title='bbox 1094 2826 1264 2875; x_wconf 87' lang='lat' dir='ltr'>uens</span> <span class='ocrx_word' id='word_1_170' title='bbox 1284 2802 1356 2875; x_wconf 88' lang='lat' dir='ltr'>in</span> <span class='ocrx_word' id='word_1_171' title='bbox 1371 2804 1689 2894; x_wconf 87' lang='lat' dir='ltr'>theatris.</span> 
     </span>
     <span class='ocr_line' id='line_1_29' title="bbox 186 2890 1687 2992; baseline 0.005 -27"><span class='ocrx_word' id='word_1_172' title='bbox 186 2892 411 2983; x_wconf 72' lang='lat' dir='ltr'>Quod</span> <span class='ocrx_word' id='word_1_173' title='bbox 439 2890 488 2962; x_wconf 84' lang='lat' dir='ltr'><strong>fi</strong></span> <span class='ocrx_word' id='word_1_174' title='bbox 514 2890 589 2964; x_wconf 89' lang='lat' dir='ltr'>in</span> <span class='ocrx_word' id='word_1_175' title='bbox 611 2891 819 2964; x_wconf 87' lang='lat' dir='ltr'>rebus</span> <span class='ocrx_word' id='word_1_176' title='bbox 848 2919 1019 2992; x_wconf 85' lang='lat' dir='ltr'>quas</span> <span class='ocrx_word' id='word_1_177' title='bbox 1105 2898 1239 2971; x_wconf 68' lang='lat' dir='ltr'>&amp;tas</span> <span class='ocrx_word' id='word_1_178' title='bbox 1276 2899 1409 2986; x_wconf 74' lang='lat' dir='ltr'>effe</span> <span class='ocrx_word' id='word_1_179' title='bbox 1436 2902 1687 2976; x_wconf 87' lang='lat' dir='ltr'>scimus</span> 
     </span>
     <span class='ocr_line' id='line_1_30' title="bbox 188 2990 1690 3096; baseline 0.003 -33"><span class='ocrx_word' id='word_1_180' title='bbox 188 2992 272 3063; x_wconf 90' lang='lat'>&amp;</span> <span class='ocrx_word' id='word_1_181' title='bbox 305 2990 587 3080; x_wconf 77' lang='lat' dir='ltr'>inaneS,</span> <span class='ocrx_word' id='word_1_182' title='bbox 621 3005 891 3063; x_wconf 89' lang='lat' dir='ltr'>tantum</span> <span class='ocrx_word' id='word_1_183' title='bbox 960 2996 1390 3080; x_wconf 80' lang='lat' dir='ltr'>renuntiatio</span> <span class='ocrx_word' id='word_1_184' title='bbox 1417 2998 1690 3096; x_wconf 87' lang='lat' dir='ltr'>potest,</span> 
     </span>
     <span class='ocr_line' id='line_1_31' title="bbox 183 3086 1688 3266; baseline 0.003 -104"><span class='ocrx_word' id='word_1_185' title='bbox 183 3104 271 3162; x_wconf 78' lang='lat' dir='ltr'>ut</span> <span class='ocrx_word' id='word_1_186' title='bbox 285 3086 485 3256; x_wconf 36' lang='lat' dir='ltr'>iiam,</span> <span class='ocrx_word' id='word_1_187' title='bbox 501 3087 883 3260; x_wconf 47' lang='lat' dir='ltr'>labi-yma,</span> <span class='ocrx_word' id='word_1_188' title='bbox 935 3089 1410 3266; x_wconf 58' lang='lat' dir='ltr'>olicitudineg</span> <span class='ocrx_word' id='word_1_189' title='bbox 1424 3097 1688 3188; x_wconf 83' lang='lat' dir='ltr'>afferat,</span> 
     </span>
    </p>

    <p class='ocr_par' dir='ltr' id='par_1_5' title="bbox 348 3212 922 3272">
     <span class='ocr_line' id='line_1_32' title="bbox 348 3212 922 3272; baseline 0 0"><span class='ocrx_word' id='word_1_190' title='bbox 348 3212 478 3264; x_wconf 79' lang='lat' dir='ltr'>om.</span> <span class='ocrx_word' id='word_1_191' title='bbox 628 3239 650 3268; x_wconf 79' lang='grc' dir='ltr'><strong>ο</strong></span> <span class='ocrx_word' id='word_1_192' title='bbox 788 3219 814 3272; x_wconf 61' lang='lat' dir='ltr'>s</span> <span class='ocrx_word' id='word_1_193' title='bbox 905 3259 922 3272; x_wconf 27' lang='lat' dir='ltr'>a</span> 
     </span>
    </p>
   </div>
  </div>
 </body>
</html>
