2250 3761
126 252 150 279 ⁴
168 252 436 321 legendum

94 317 287 371 ridetur
301 356 317 379 ,
332 323 440 375 hos.

94 561 233 632 Perfl
256 568 368 619 Sat.
398 587 416 618 ι
429 604 445 621 .

100 634 161 683 V.
191 648 263 686 ιο.

470 155 615 230 128
764 156 956 227 Lm.
1024 152 1175 227 IX.
1250 154 1475 227 CAP.
1559 153 1705 226 111.
1953 249 1966 257 ·

469 275 574 345 Ex
600 273 732 348 illis
761 270 946 345 enim
973 270 1261 369 quinon
1283 273 1492 346 risere
1511 325 1536 363 ‚
1558 273 1614 330 ἢ(
1642 274 1826 347 hunc
1848 301 2019 371 non

474 371 788 469 dignatus
811 369 982 442 deus
1005 424 1028 460 ‚
1061 395 1194 443 nec
1222 372 1354 446 dea
1379 371 1682 468 dignata.
1726 376 1814 447 Et
1843 401 2020 451 mu-

474 471 743 544 tatione
772 466 1079 565 partium
1097 525 1121 562 ‚
1159 486 1240 542 ut
1265 469 1337 541 in
1371 468 1604 567 satyra
1637 496 1656 541 ε

899 569 997 637 Et
1012 573 1290 672 nostrum
1318 572 1491 672 istud
1518 573 1719 644 vivere
1750 570 1920 673 triste

764 666 1015 760 Aspexi
1036 694 1063 739 .-

470 762 637 835 cum
667 754 953 835 infinito
989 763 1222 839 verbo
1256 763 1335 836 fit
1353 763 1511 837 usus
1535 789 1668 864 pro
1693 763 2014 878 appella·

396 910 403 913 „
472 860 696 935 tione.
750 860 1079 936 Nostram
1110 862 1298 937 enim
1339 862 1562 940 vitam
1602 864 1760 938 vult
1789 864 2007 938 intel-

475 957 620 1057 ligi.
660 960 945 1034 Utimur
988 963 1067 1036 &
1115 961 1348 1039 verbo
1406 985 1540 1060 pro
1578 960 2004 1061 participio,

475 1075 556 1129 m
582 1113 600 1130 ο
667 1130 989 1254 Magnum
1024 1158 1321 1250 datse'rte
1364 1163 1679 1232 talentum
1706 1188 1742 1248 ,⁶

476 1272 815 1353 tanquam
870 1254 1262 1329 ferendum.
1308 1259 1397 1330 Et
1450 1254 1827 1357 participio
1863 1254 2007 1356 pro

484 1355 713 1432 verbo
742 1380 760 1426 ε
790 1361 958 1425 Volo
995 1359 1246 1430 datum.
1272 1411 1290 1431 .
1318 1412 1336 1431 .
1979 1354 1986 1391 ³

585 1454 754 1524 Haec
823 1445 1174 1528 schemata
1223 1458 1302 1530 &
1353 1455 1457 1529 his
1498 1454 1741 1529 fimilia
1775 1507 1800 1545 ‚
1844 1469 2000 1552 quae

453 1561 696 1626 'erunt
743 1575 870 1649 per
915 1553 1379 1627 mutationem
1416 1608 1441 1645 ,
1490 1552 1949 1644 adjeffionem
1979 1602 2006 1640 ‚

486 1650 991 1723 detraffionem
1026 1704 1050 1739 ,
1108 1648 1426 1722 ordinem
1465 1702 1489 1739 ,
1549 1650 1628 1721 &
1702 1670 2012 1722 conver-

486 1764 647 1820 tunt
690 1747 760 1817 in
786 1747 854 1817 se
901 1745 1339 1836 auditorem,
1367 1767 1496 1818 nec
1522 1743 1850 1855 languere
1891 1768 2015 1841 pa.

488 1845 757 1918 fiuntur
800 1839 1086 1914 subinde
1144 1838 1376 1939 aliqua
1424 1838 1721 1946 notabili
1786 1836 2013 1940 figura

362 1974 372 1982 -
414 1973 427 1988 ⁴
492 1940 927 2033 excitatum5
968 1938 1334 2029 &habent
1371 1939 1724 2041 quandam
1763 1959 1854 2013 ex
1893 1938 2013 2014 issa

493 2040 654 2116 vitii
708 2032 1150 2113 finiilitudine
1203 2040 1502 2150 gratiam
1526 2095 1550 2131 ‚
1585 2054 1667 2112 ut
1711 2034 1786 2112 in
1839 2035 2010 2112 cibis

491 2139 773 2212 interim
823 2159 992 2211 acor
1038 2136 1180 2238 ipse
1223 2140 1564 2236 jucundus
1609 2136 1733 2213 est.
1795 2137 2015 2230 Quod

493 2239 898 2338 continget,
931 2237 979 2309 fi
1017 2260 1249 2336 neque
1290 2237 1492 2336 supra
1518 2236 1809 2310 modum
1838 2234 2016 2307 mul·
2103 2286 2114 2292 ρ

498 2356 591 2414 tae
625 2338 931 2429 fuerint,
984 2360 1117 2411 nec
1160 2335 1467 2430 ejusdem
1524 2333 1847 2436 generis,
1894 2350 2016 2406 aut

500 2438 749 2534 junfiae
766 2493 790 2528 ,
818 2452 936 2509 aut
959 2434 1368 2535 frequentes
1395 2463 1413 2508 ε
1443 2436 1606 2535 quia
1627 2433 2017 2507 satietatem

504 2536 925 2614 utvarietas
952 2559 1194 2608 earum
1217 2590 1240 2626 ‚
1263 2535 1362 2609 ita
1395 2534 1645 2608 raritas
1681 2529 1940 2628 effugit.

560 2638 666 2707 ΙΙ.
693 2634 980 2707 ILLUD
1004 2633 1099 2706 est
1120 2633 1346 2708 acrius
1375 2657 1631 2731 genus,
1654 2631 1848 2729 quod
1879 2652 2023 2703 non

508 2749 577 2807 ta
590 2734 783 2803 ntum
808 2731 880 2801 in
900 2731 1176 2801 ratione
1195 2730 1489 2828 pofitum
1517 2731 1614 2804 est
1648 2727 2025 2828 loquendi,

512 2830 632 2904 sed
654 2828 805 2925 ipfis
823 2826 1123 2900 sensibus
1143 2843 1292 2899 tum
1313 2830 1793 2928 gratiam‚tum
1813 2824 2029 2900 etiam

511 2926 704 3004 vires
731 2924 1248 3000 accommodat.

621 3027 762 3110 1,ss
799 3044 1087 3111 QUIBUS
1132 3023 1430 3120 primum
1464 3024 1542 3096 fit
1571 3022 1765 3120 quod
1790 3019 1865 3092 fit
1904 3043 2039 3115 per

517 3123 1004 3220 adjeffionem.
1061 3123 1269 3199 Plura
1318 3120 1470 3196 sunt
1515 3142 1796 3226 genera.
1848 3117 2040 3200 Nam
