2250 3761
554 204 704 281 '40²
802 179 1013 260 Lm.
1067 179 1262 258 ΧΠ.
1326 176 1568 259 en».
1646 183 1909 264 vm:

558 302 911 402 peritum,
966 301 1087 376 sed
1142 300 1358 375 etiam
1392 316 1471 373 ut
1512 299 1806 378 sciamus
1846 328 1949 376 an
1990 323 2117 378 ea·

561 402 725 475 dem
778 402 992 475 dicat.
1041 398 1324 471 Plurimi
1368 398 1559 472 enim
1604 399 2108 490 mentiuntur,

559 502 645 574 δι
689 513 1025 597 tanquam
1055 521 1204 571 non
1235 498 1543 571 doceant
1581 496 1866 572 causam
1890 553 1918 591 ,
1979 501 2101 575 sed

560 612 772 695 agant
803 647 829 681 ‚
868 621 1014 671 non
1075 611 1158 668 ut
1191 618 1351 670 cum
1395 612 1703 693 patrono
1749 651 1775 689 ‚
1834 599 1963 672 sed
2020 614 2101 669 ut

436 765 441 770 .
486 757 489 760 ,
562 715 724 769 cum
744 692 969 788 judice
991 693 1398 792 loquuntur.
1430 694 1595 786 Qua
1648 711 1896 793 ropter
1913 720 2101 768 nun·

564 814 779 888 quam
834 790 993 864 satis
1066 790 1495 866 credendum
1547 719 1646 866 eg
1681 843 1709 878 ,
1760 792 1882 866 sed
1941 795 2101 893 agi-

560 890 814 963 tandus
845 888 1172 962 omnibus
1219 887 1450 961 modis
1480 942 1505 979 ‚
1540 891 1619 966 δι
1649 890 2091 981 turbandus,

562 988 645 1061 &
676 1007 705 1055 ε’
736 986 1167 1068 evocandus.
1232 987 1417 1059 Nam
1465 1003 1544 1058 ut
1594 986 1876 1062 medicis
1920 1014 2089 1062 non

562 1084 970 1181 apparentia
990 1084 1210 1157 modb
1229 1084 1404 1159 vitia
1423 1085 1728 1157 curanda
1741 1083 1890 1157 sunt
1909 1112 1931 1159 ·.
1948 1086 2088 1159 sed

552 1182 776 1253 etiam
818 1181 1238 1257 invenienda
1273 1206 1427 1280 quae
1460 1180 1723 1273 latent,
1780 1181 1962 1279 saepe
2001 1208 2087 1257 ea

556 1276 715 1375 ipfis
764 1279 889 1378 qui
928 1278 1212 1352 sanandi
1253 1280 1453 1368 sunt,
1528 1278 2078 1370 occulentibus;

555 1374 654 1447 ita
674 1377 1063 1451 advocatus
1084 1377 1283 1476 plura
1302 1433 1326 1470 ‚
1349 1376 1556 1476 quam
1580 1377 2078 1470 ostenduntur,
2183 1465 2184 1468 Ἴ

563 1472 875 1571 aspiciat.

652 1572 840 1644 Nam
890 1573 1045 1646 etun
1087 1563 1250 1641 satis
1301 1568 1372 1641 in
1420 1568 1774 1645 audiendo
1803 1572 2089 1670 patien-

557 1666 676 1739 tiae
715 1668 1137 1766 impenderit
1161 1722 1183 1757 ‚
1219 1666 1292 1739 in
1333 1667 1541 1740 aliam
1566 1669 1794 1741 rursus
1823 1670 1887 1740 ei
1911 1689 2094 1763 per-

557 1765 801 1838 sonam
852 1763 1345 1841 transeundum
1415 1763 1563 1857 est,
1627 1764 2087 1863 agendt'tsque

474 1900 484 1910 ·
555 1864 995 1939 adversarius
1027 1921 1051 1959 ,
1132 1862 1666 1962 proponendum
1780 1862 2088 1961 uicqnid

556 1964 848 2036 omninb
881 1961 1272 2060 excogitari
1302 1960 1548 2035 contra
1579 1888 1848 2059 poteffk,
1887 1963 2085 2073 quic·

553 2054 727 2156 quid
771 2061 1019 2156 recipit
1062 2060 1134 2130 in
1176 2058 1517 2152 ejusmodi
1567 2059 2076 2157 disceptatione

555 2172 834 2229 natura.
889 2157 1429 2254 Interrogandus
1484 2157 1689 2255 quam
1735 2155 2077 2231 infestiffi-

556 2252 675 2341 me
701 2309 722 2345 ‚
781 2279 864 2328 ac
903 2254 1344 2352 premendus.
1406 2255 1593 2327 Nam
1634 2255 1802 2327 dum
1834 2255 2078 2329 omnia

559 2351 934 2451 quaerimus
965 2407 989 2445 ,
1038 2351 1414 2451 aliquando
1464 2353 1552 2424 ad
1610 2372 1910 2442 verum,
1950 2352 2078 2425 ubi

555 2451 835 2523 minime
886 2450 1450 2547 expestavimuS,
1480 2449 1956 2547 pervenimus,
2003 2452 2078 2522 In

556 2547 820 2620 summa
851 2601 868 2625 ,
902 2573 950 2621 o
999 2549 1208 2621 timus
1235 2547 1332 2620 est
1371 2548 1442 2619 in
1473 2545 1801 2622 discendo
1838 2565 2077 2645 patro-

555 2669 685 2717 nus
734 2575 1149 2719 increcfulus.
1217 2644 1573 2718 Proniittit
1626 2645 1811 2719 enim
1845 2645 2078 2743 litiga·
2175 2650 2186 2661 “

556 2756 677 2811 tor
725 2741 1000 2831 omnia,
1043 2744 1290 2817 testem
1321 2741 1697 2840 populum,
1738 2742 2081 2840 paratiffi·

558 2861 708 2911 mas
739 2838 1292 2938 consignationes
1316 2895 1339 2933 ‚
1374 2840 1594 2938 ipsum
1619 2841 1926 2940 denique
1959 2842 2078 2915 ad-
2189 2832 2192 2865 ³

564 3080 569 3089 ,
623 3052 657 3083 a
690 3032 932 3107 significat
950 3036 1322 3104 iuterrogatio-t
1379 3054 1519 3091 uanu-
1537 3036 1729 3109 fibilpss
1752 3038 2083 3089 contradam.

563 3100 697 3148 nibus
736 3099 968 3162 paulatim
1000 3082 1321 3167 eliciendum²
1388 3121 1502 3158 um.

562 3161 886 3230 litigatorem,
920 3179 973 3214 ut
1006 3165 1194 3232 aliquid
1212 3139 1327 3226 [φὶ
