2250 3761
472 117 620 205 372
791 100 1014 178 ιη.
1078 78 1584 178 xuycn.
1655 101 1710 178 1.

474 229 690 313 malle,
724 222 916 317 qucim
945 224 1025 293 ab
1051 225 1212 391 Iz‘olsle
1235 228 1481 296 vaenire.
1508 225 1608 293 lta
1629 218 1804 295 hicfi
1825 218 2028 292 fuis·-

477 323 580 395 set
614 338 857 394 orator
879 376 901 412 ‚
931 344 1074 392 non
1147 319 1501 394 efendiffet
1519 319 1824 393 eundem
1845 319 2027 391 Ru-

473 418 689 492 finum
725 420 843 492 vel
878 417 1216 490 manifesti
1247 417 1611 515 peculatus
1638 419 1902 492 reum?

575 518 801 588 Multa
844 516 980 590 dici
1029 516 1303 613 poffunt
1347 516 1591 588 fimilia
1630 570 1654 607 ,
1698 516 1822 588 sed
1874 515 2020 590 vel

473 638 695 688 unum
745 639 834 687 ex
898 613 1008 685 his
1052 613 1419 712 quodlibet
1471 612 1743 689 sufficit.
1824 614 2015 686 Non

477 712 668 785 enim
704 714 845 786 hoe
893 710 1161 809 agimus
1204 764 1230 796 ,
1283 730 1362 785 ut
1410 711 1585 784 istud
1627 711 1730 783 illi
1781 735 2016 809 quern

476 809 862 883 formamus
903 866 927 897 ‚
977 810 1141 883 viro
1180 809 1260 882 fit
1292 811 1467 908 saepe
1513 806 1922 883 fa'ciendum
1981 837 2012 884 e

479 909 601 982 sed
629 926 711 981 ut
741 908 786 978 fi
820 906 978 979 talis
1010 908 1323 1005 coegerit
1357 907 1546 980 tatio
1572 963 1600 999 ‚
1633 907 1708 979 fit
1751 925 2013 1003 tamen

482 1030 657 1083 ver-a
706 1004 974 1096 finitio,
1009 1024 1373 1080 oratorem
1414 1005 1553 1081 effe
1594 1006 1816 1081 virum
1844 1005 2004 1090 boe

481 1127 652 1176 num
682 1102 952 1177 dicendi
979 1102 1311 1201 peritum.

579 1204 1056 1274 PRAECIPERE
1081 1201 1261 1277 verb
1287 1227 1371 1276 ac
1395 1204 1664 1277 discere
1692 1224 1999 1302 quomo-

484 1300 584 1373 do
625 1299 840 1372 etiam
937 1299 1310 1375 robatione
1355 1301 1662 1376 difficilia
1706 1302 2008 1374 trasten·

483 1414 640 1487 tur,
675 1420 847 1472 nece
905 1423 943 1471 e
972 1397 1092 1471 est.
1131 1399 1315 1471 Nam
1346 1399 1768 1500 frequenter
1791 1399 2009 1473 etiam

488 1493 775 1592 optimae
801 1495 1021 1570 causae
1060 1495 1308 1571 fimiles
1332 1498 1485 1571 sunt
1517 1498 1720 1572 malis
1741 1553 1766 1589 ‚
1797 1498 1878 1569 &
1908 1498 2015 1569 in-

483 1618 749 1668 nocens
777 1619 935 1668 reus
967 1593 1203 1668 multis
1232 1596 1713 1671 verifimilibus
1737 1595 2011 1694 premi-

485 1708 608 1766 tur
637 1720 655 1766 z
749 1718 846 1766 uo
884 1692 965 1764 fit
984 1747 1009 1786 ,
1040 1710 1121 1765 ut
1144 1693 1385 1768 eadem
1415 1694 1703 1769 astionis
1718 1692 2011 1767 ratione-

490 1791 701 1865 defen
750 1791 969 1866 endus
1010 1790 1091 1864 fit
1115 1846 1139 1884 ,
1170 1817 1308 1892 qua
1340 1848 1363 1887 ,
1409 1793 1460 1864 fi
1502 1817 1757 1867 nocens
1792 1790 1995 1864 effer.

492 1889 644 1964 Jam
666 1889 1200 1965 innumerabilia
1214 1891 1367 1967 sunt
1393 1893 1601 1969 bonis
1629 1890 1838 1966 causis
1851 1914 2013 1963 ma·

489 1986 714 2097 lisque
758 1988 1156 2062 communia
1180 2042 1204 2079 ,
1244 1990 1451 2067 testes
1480 2047 1504 2084 ,
1549 1992 1817 2083 literae,
1861 1988 2007 2063 sus-

489 2080 809 2181 piciones
837 2136 861 2173 ,
898 2083 1296 2181 opiniones,
1345 2092 1510 2165 Non
1537 2090 1737 2162 aliter
1754 2104 2008 2161 autem

487 2178 883 2255 verisimilia
922 2179 1134 2280 quam
1172 2210 1347 2262 vera
1386 2192 1465 2265 δι
1499 2183 2008 2262 confirmantur

491 2280 573 2354 &
595 2278 1026 2362 refessuntur·
1055 2281 1513 2387 Quapropter
1527 2303 1604 2361 ut
1629 2309 1741 2359 res
1763 2282 1952 2359 feret
1976 2340 2002 2376 ‚

491 2374 805 2454 flessetur
839 2378 1120 2476 oratio,
1155 2404 1482 2464 manente
1521 2382 1810 2464 honesta
1868 2406 2007 2461 vo·
2092 2469 2105 2484 ‚

490 2476 780 2562 luntate.

887 2695 1470 2982 *ff

2152 1578 2175 1597 ···
