2250 3761
435 187 575 265 ΒΕ
635 194 1027 264 Gentius
1083 191 1545 263 mcmtbt.
1609 195 1774 289 '437

249 302 422 382 beas
460 365 486 402 ,
543 325 624 382 ut
673 328 702 359 ⁴
759 303 1070 381 buccinis
1122 329 1503 405 purpuram
1547 349 1572 400 ,=
1619 307 1763 402 jam

242 405 426 479 'illud
474 407 665 505 quod
688 404 1059 479 fefellerat
1082 456 1107 489 ,
1141 423 1353 478 exuat
1394 405 1771 480 mentitum

184 536 195 540 ·
255 506 614 596 colorem,
644 508 724 580 &
752 503 1056 602 quadam
1082 502 1206 575 vix
1234 502 1607 576 enarrabili
1632 504 1773 576 foe-

240 602 472 677 ·ditate
496 602 849 700 pallescat.
888 603 1153 682 Luceat
1184 600 1397 699 igitur
1428 602 1574 673 haec
1604 602 1775 675 citra

252 700 477 774 solem
503 747 526 790 ·‚
560 716 638 772 ut
682 702 761 773 δε
800 699 1116 796 quaedam
1149 700 1408 797 'exigua
1445 698 1774 773 animalia

212 865 217 868 ,
252 797 545 896 igniculi
568 797 915 871 ⁴videntur
948 796 1024 868 in
1059 796 1396 871 tenebris.
1441 796 1627 870 Deni
1684 824 1776 872 ue

218 895 436 1066 :Ln'ala
496 895 702 969 multi
746 895 1109 995 probant,
1153 919 1370 970 nemo
1415 892 1645 994 impro
1699 913 1775 971 at

302 1020 462 1070 ona*-
530 1031 533 1034 ’
794 1061 801 1066 .

211 1154 218 1162 .
345 1096 637 1180 NEQUE
674 1093 859 1168 vero
893 1092 1130 1174 omnia
1161 1089 1287 1166 ista
1311 1146 1336 1181 ‚
1381 1094 1471 1167 de
1512 1094 1770 1191 quibus

205 1190 474 1263 -locuti
512 1189 744 1263 sumus
775 1244 798 1282 ‚
843 1205 1086 1262 orator
1134 1189 1399 1284 optime
1450 1193 1718 1264 tantum
1744 1246 1773 1284 ,

244 1286 373 1359 ‘sed
406 1287 620 1361 etiam
657 1285 994 1362 facillime
1021 1285 1262 1359 faciet.
1293 1289 1549 1384 Neque
1586 1289 1772 1361 enim

251 1384 370 1460 vis
402 1384 665 1458 summa
695 1384 975 1461 dicendi
1017 1383 1114 1458 est
1145 1383 1611 1457 admiratione
1658 1385 1774 1458 di-

244 1507 389 1582 ·gna
412 1538 437 1575 ,
475 1483 525 1555 fi
560 1482 799 1557 infelix
817 1482 1032 1582 usque
1067 1483 1157 1555 ad
1195 1480 1517 1554 ultimum
1544 1481 1775 1558 solici-

253 1582 430 1653 tudo
460 1581 895 1681 persequitur
913 1636 936 1674 ‚
967 1605 1050 1656 ac
1079 1596 1437 1653 oratorem
1464 1599 1774 1656 macerat

256 1682 336 1753 &
379 1680 669 1778 coquit,
708 1679 886 1779 aegre
924 1678 1148 1753 verba
1197 1695 1600 1752 vertentem
1630 1734 1652 1770 ,
1690 1683 1773 1755 δε

252 1777 762 1876 perpendendis
790 1775 1506 1876 ‚coagmentandisque
1537 1776 1639 1850 eis
1667 1776 1770 1849 in-

254 1876 748 1963 tabescentem.
782 1875 1063 1964 Nitidus
1091 1875 1211 1950 ille
1240 1929 1265 1968 ,
1301 1875 1377 1948 &
1414 1874 1720 1950 sublimis
1744 1931 1769 1970 ,
1851 1912 1856 1913 f

253 1973 336 2045 &
407 1974 721 2074 locuples
773 2029 797 2065 ‚
869 1973 1513 2050 circumfluentibus
1569 1973 1775 2048 undi-

251 2096 394 2171 que
429 2072 853 2173 eloquentiae
889 2052 1111 2173 copiss
1143 2073 1467 2171 imperat.
1495 2073 1774 2147 Definit

250 2171 540 2246 enimin
588 2173 882 2248 adversa
918 2172 1099 2264 niti,
1157 2172 1279 2283 qui
1321 2172 1652 2270 pervenit
1695 2172 1774 2245 in

249 2268 618 2342 summum.
665 2271 1041 2344 Scandenti
1071 2323 1097 2360 ,
1151 2294 1338 2342 c1rca
1393 2271 1533 2341 ima
1570 2270 1773 2343 labor

251 2365 350 2438 est
367 2391 384 2435 ε
416 2366 744 2436 caeterum
763 2381 1101 2461 quantum
1117 2364 1528 2458 processeris
1547 2414 1571 2448 ,
1593 2365 1772 2436 mol-

253 2461 467 2534 lietur
493 2461 692 2534 dives
723 2464 803 2536 &
826 2461 1050 2532 lae‘tius
1075 2459 1322 2532 solum.
1362 2461 1449 2531 Et
1483 2462 1507 2506 b
1545 2458 1596 2529 fi
1621 2459 1771 2535 haec

254 2581 545 2670 quoque
564 2557 706 2652 jam
724 2557 952 2635 levius
978 2557 1294 2655 suprema
1315 2555 1773 2655 perseverane-

251 2655 440 2728 t1bus
470 2656 707 2729 studiis
750 2654 1047 2731 evaserit
1072 2710 1096 2749 ‚
1135 2654 1297 2729 ‘inde
1331 2653 1587 2728 fructus
1615 2655 1773 2730 illa-

252 2751 486 2829 borati
534 2754 838 2832 offerunt
881 2753 1066 2850 sese,
1106 2751 1485 2834 &omnia
1517 2753 1765 2855 sponte

317 2936 349 2968 a
369 2915 634 2970 Buccinum
661 2935 805 2971 vocat
830 2920 981 2989 quod·
1093 2919 1121 2970 b
1161 2918 1427 2971 Mendosus
1484 2918 1567 2983 hic
1611 2917 1763 2973 locun.

258 2983 376 3039 dam
392 2999 535 3049 genus
561 2988 787 3045 concha,
809 3001 864 3035 ex
882 3002 983 3053 quo
1028 2984 1199 3035 Levitis
1225 3019 1243 3041 ,
1282 2981 1495 3036 abundat
1517 2988 1535 3043 ς’
1572 2985 1622 3032 ὃ(
1664 2984 1759 3032 huc

196 3087 201 3092 .
256 3051 454 3114 tingitur
469 3048 604 3098 color
632 3047 795 3098 fimilis
843 3066 985 3115 urpu·
1029 3048 1344 3114 fotteitrepfit
1358 3051 1383 3098 ὲ
1399 3047 1633 3112 superiore
1649 3063 1759 3098 vet-

254 3118 318 3161 tae
330 3150 347 3174 ,
365 3112 445 3164 sed
460 3112 655 3167 dilutior
671 3117 720 3169 ὃ(
733 3066 980 3185 pallidior.
1028 3116 1078 3163 su
1098 3152 1115 3178 ,
1135 3117 1216 3163 ubi
1236 3115 1301 3162 est
1313 3150 1333 3178 ,
1351 3110 1528 3162 latius.
1561 3113 1755 3178 Argent-

260 3173 411 3230 Τεΐη.
888 3250 893 3253 ι
1028 3178 1147 3232 edit.
1169 3180 1315 3230 habet
1329 3216 1347 3238 ,
1380 3193 1463 3224 eva
1471 3173 1602 3225 (Eris.

1372 3237 1437 3313 T
1460 3236 1533 3337 iij
