2250 3761
446 158 573 231 DE
625 173 885 229 cOPIA
935 156 1440 232 vencnum.
1585 175 1721 259 191

197 278 382 376 apud
427 291 851 372 occupatum
905 274 1121 347 variis
1172 275 1723 373 cogitationibus

195 377 503 472 judicem
535 429 559 462 ‚
614 376 691 444 ὃ(
739 371 977 469 saepius
1025 373 1448 446 ineruditum
1477 428 1500 464 ,
1551 400 1722 472 cap-

173 475 407 548 *tanda
434 472 638 543 nobis
673 469 771 543 est
802 499 819 542 :
860 496 1085 569 neque
1127 471 1241 543 illa
1273 472 1460 546 Livii
1500 474 1724 548 lactea

203 574 487 646 ubertas
518 569 678 641 satis
700 568 984 641 docebit
1010 594 1172 641 eum
1190 624 1213 659 ‚
1250 572 1368 668 qui
1394 596 1541 643 non
1573 573 1724 668 spe-

205 672 383 745 ciem
460 666 911 763 expositionis
942 722 966 757 ‚
1020 666 1138 739 sed
1170 668 1403 741 ‘fidem
1455 670 1723 768 quaerit.

155 835 166 836 a
209 768 400 839 Adde
427 764 629 863 quod
674 766 778 836 Μ.
808 765 1082 837 Tullius
1113 790 1205 838 ne
1229 768 1724 867 Thucydidem

211 866 492 963 quidem
506 879 630 935 aut
651 862 1205 959 Xenophontem
1225 865 1431 938 utiles
1452 865 1726 939 oratori
1750 874 1895 926 Om-
1912 882 2093 942 νυνὶ

213 981 403 1060 putat
421 1018 443 1054 ‚
469 986 875 1060 quanquam
891 961 1082 1033 illum
1098 961 1428 1035 bellicum
1448 988 1728 1058 canere,
1750 959 1834 1008 3²⁶

215 1060 413 1155 hujus
433 1084 562 1132 ore
576 1059 811 1131 Musas
825 1058 971 1132 >effe
995 1060 1267 1133 locutas
1295 1062 1662 1139 existimet.

227 1205 232 1210 -
296 1158 496 1231 Licet
510 1178 752 1230 tamen
773 1158 977 1229 nobis
996 1158 1066 1228 in
1086 1159 1611 1255 digreffionibus
1628 1159 1734 1235 uti

214 1255 337 1331 vel
359 1255 687 1327 historico
715 1280 1218 1353 nonnunquam
1245 1258 1472 1331 nitore
1499 1313 1521 1350 ‚
1568 1259 1737 1331 dum

216 1354 295 1426 in
324 1353 407 1426 iis
431 1354 515 1425 de
541 1355 793 1452 quibus
821 1356 956 1426 erit
975 1353 1262 1452 quaestio
1283 1412 1307 1445 ‚
1336 1356 1739 1429 memineri-

211 1476 368 1524 mus
398 1476 536 1525 non
557 1454 977 1525 athletarum
1002 1471 1199 1525 toros
1227 1510 1249 1543 ‚
1285 1455 1401 1527 sed
1428 1453 1735 1528 militum

211 1551 520 1624 lacertos
548 1550 682 1623 effe
719 1577 743 1637 ;
793 1575 923 1624 nec
961 1550 1461 1625 versicolorem
1493 1551 1685 1626 illam
1710 1608 1736 1645 ,

215 1648 352 1747 qud
369 1648 782 1723 Demetrius
805 1649 1177 1722 Phalereus
1193 1649 1560 1725 dicebatur
1588 1653 1688 1722 uti
1709 1695 1737 1743 -‚

214 1747 484 1823 vestem
549 1750 732 1822 bene
797 1748 887 1823 ad
954 1748 1307 1824 forensem
1367 1747 1741 1850 pulverem

212 1845 481 1921 facere,
765 1872 772 1877 ’
1557 1859 1560 1864 ’

317 1946 434 2018 Est
454 1949 534 2019 &
555 1943 723 2020 alius
742 1970 831 2020 ex
848 1944 1147 2019 historiis
1174 1945 1331 2018 usus
1348 1998 1373 2036 ‚
1407 1948 1485 2021 δε
1510 1946 1566 2022 is
1594 1947 1744 2048 qui‘-

215 2043 384 2117 dem
429 2045 768 2117 maximus
802 2099 824 2136 ‚
867 2044 985 2116 sed
1023 2069 1170 2117 non
1204 2046 1291 2118 ad
1336 2048 1744 2140 praesentem

218 2145 576 2241 pertinens
611 2143 848 2214 locum
873 2197 895 2234 ‚
936 2168 1025 2215 ex
1063 2141 1472 2241 cognitione
1507 2169 1743 2219 rerum

221 2240 856 2338 exemplorumque
891 2296 914 2331 ‚
979 2242 1232 2338 quibus
1280 2241 1596 2337 inprimis
1642 2245 1746 2313 in-

219 2339 509 2412 structus
538 2339 675 2412 effe
696 2340 909 2411 debet
934 2359 1182 2411 orator
1204 2393 1226 2428 ‚
1261 2362 1349 2409 ne
1374 2338 1607 2408 omnia
1641 2356 1746 2411 te-

216 2437 545 2511 stimonia
567 2456 851 2533 expetat
878 2437 919 2508 a
937 2437 1293 2534 litigatore
1317 2489 1339 2524 ‚
1376 2432 1490 2505 sed
1514 2435 1746 2530 plera-

219 2561 367 2632 que
407 2562 496 2609 ex
521 2535 867 2611 vetustate
898 2536 1274 2632 diligenter
1311 2530 1433 2604 fibi
1464 2532 1749 2630 cognita

216 2633 449 2707 sumat
487 2662 511 2722 3
555 2637 694 2706 hoc
733 2633 1139 2729 potentiora
1166 2688 1188 2723 ‚
1236 2630 1430 2729 quod
1470 2656 1560 2705 ’ea
1604 2632 1750 2708 sola

220 2732 634 2804 criminibus
665 2731 814 2803 odii
843 2734 920 2807 &
949 2730 1187 2825 gratiae
1216 2748 1490 2805 vacant.

303 2832 370 2901 A
394 2832 1130 2903 Panosopnonmvt
1156 2828 1331 2904 verb
1353 2828 1647 2902 lectione
1668 2844 1751 2904 ut

220 2927 443 3002 effent
478 2929 687 3002 nobis
725 2932 944 3002 multa
973 2928 1275 3027 petenda
1307 2985 1332 3017 ‚
1388 2926 1572 3000 vitio
1605 2927 1751 2999 fac·
1844 2961 1849 2965 ·

219 3041 382 3096 tum
410 3027 510 3100 est
544 3044 913 3100 oratorum
937 3082 959 3119 ‚
999 3025 1119 3125 qui
1140 3025 1435 3201 ἒιιίἀεηι
1460 3021 1592 3094 illis
1617 3047 1751 3118 op-

221 3121 404 3200 tima
435 3124 806 3230 sui‘operis
829 3138 1029 3233 parte
1054 3147 1137 3202 ce
1194 3139 1418 3202 etunt.
1455 3122 1641 3201 Nam
1664 3123 1748 3208 δε.
