<?xml version="1.0" encoding="UTF-8"?>
<!DOCTYPE html PUBLIC "-//W3C//DTD XHTML 1.0 Transitional//EN"
    "http://www.w3.org/TR/xhtml1/DTD/xhtml1-transitional.dtd">
<html xmlns="http://www.w3.org/1999/xhtml" xml:lang="en" lang="en">
 <head>
  <title>
</title>
<meta http-equiv="Content-Type" content="text/html;charset=utf-8" />
  <meta name='ocr-system' content='tesseract 3.04.00' />
  <meta name='ocr-capabilities' content='ocr_page ocr_carea ocr_par ocr_line ocrx_word'/>
</head>
<body>
  <div class='ocr_page' id='page_1' title='image "./marcifabiiquint00quingoog_0098.png"; bbox 0 0 2250 3761; ppageno 0'>
   <div class='ocr_carea' id='block_1_1' title="bbox 499 68 1827 218">
    <p class='ocr_par' dir='ltr' id='par_1_1' title="bbox 499 68 1827 218">
     <span class='ocr_line' id='line_1_1' title="bbox 499 68 1827 218; baseline -0.006 0"><span class='ocrx_word' id='word_1_1' title='bbox 499 122 607 218; x_wconf 55' lang='lat'><strong>8&#39;6</strong></span> <span class='ocrx_word' id='word_1_2' title='bbox 772 68 994 212; x_wconf 75' lang='lat' dir='ltr'><strong>LIB.</strong></span> <span class='ocrx_word' id='word_1_3' title='bbox 1036 130 1264 208; x_wconf 88' lang='lat' dir='ltr'><strong>VIII.</strong></span> <span class='ocrx_word' id='word_1_4' title='bbox 1346 128 1634 209; x_wconf 52' lang='lat' dir='ltr'><strong>CAPs</strong></span> <span class='ocrx_word' id='word_1_5' title='bbox 1673 130 1827 210; x_wconf 76' lang='lat' dir='ltr'><strong>VI.</strong></span> 
     </span>
    </p>
   </div>
   <div class='ocr_carea' id='block_1_2' title="bbox 502 251 2038 442">
    <p class='ocr_par' dir='ltr' id='par_1_2' title="bbox 502 251 2038 442">
     <span class='ocr_line' id='line_1_2' title="bbox 504 251 2037 351; baseline -0.004 -18"><span class='ocrx_word' id='word_1_6' title='bbox 504 258 599 333; x_wconf 80' lang='lat' dir='ltr'><strong>ad</strong></span> <span class='ocrx_word' id='word_1_7' title='bbox 647 253 1142 329; x_wconf 84' lang='lat' dir='ltr'><strong>instituendum</strong></span> <span class='ocrx_word' id='word_1_8' title='bbox 1190 265 1557 325; x_wconf 89' lang='lat' dir='ltr'><strong>oratorem</strong></span> <span class='ocrx_word' id='word_1_9' title='bbox 1609 251 1971 351; x_wconf 82' lang='lat' dir='ltr'><strong>pertinent</strong></span> <span class='ocrx_word' id='word_1_10' title='bbox 1997 289 2037 341; x_wconf 45' lang='lat' dir='ltr'><strong>v,</strong></span> 
     </span>
     <span class='ocr_line' id='line_1_3' title="bbox 502 349 2038 442; baseline -0.003 -10"><span class='ocrx_word' id='word_1_11' title='bbox 502 351 1078 432; x_wconf 83' lang='lat' dir='ltr'>cavillationibus</span> <span class='ocrx_word' id='word_1_12' title='bbox 1105 406 1131 442; x_wconf 90' lang='lat'>‚</span> <span class='ocrx_word' id='word_1_13' title='bbox 1160 349 1583 425; x_wconf 84' lang='lat' dir='ltr'><strong>neceffarios</strong></span> <span class='ocrx_word' id='word_1_14' title='bbox 1598 350 1904 429; x_wconf 73' lang='lat' dir='ltr'><strong>maxime</strong></span> <span class='ocrx_word' id='word_1_15' title='bbox 1919 371 2038 428; x_wconf 90' lang='lat' dir='ltr'><strong>at-</strong></span> 
     </span>
    </p>
   </div>
   <div class='ocr_carea' id='block_1_3' title="bbox 384 447 2037 554">
    <p class='ocr_par' dir='ltr' id='par_1_3' title="bbox 384 447 2037 554">
     <span class='ocr_line' id='line_1_4' title="bbox 384 447 2037 554; baseline 0.001 -27"><span class='ocrx_word' id='word_1_16' title='bbox 384 447 391 454; x_wconf 71' lang='grc'><strong><em>’</em></strong></span> <span class='ocrx_word' id='word_1_17' title='bbox 508 479 650 554; x_wconf 91' lang='lat' dir='ltr'><strong>que</strong></span> <span class='ocrx_word' id='word_1_18' title='bbox 678 453 747 524; x_wconf 90' lang='lat' dir='ltr'><strong>in</strong></span> <span class='ocrx_word' id='word_1_19' title='bbox 761 451 958 529; x_wconf 86' lang='lat' dir='ltr'><strong>usum</strong></span> <span class='ocrx_word' id='word_1_20' title='bbox 993 466 1325 548; x_wconf 89' lang='lat' dir='ltr'><strong>receptos</strong></span> <span class='ocrx_word' id='word_1_21' title='bbox 1354 473 1794 548; x_wconf 81' lang='lat' dir='ltr'><strong>exequemur</strong></span> <span class='ocrx_word' id='word_1_22' title='bbox 1828 479 1850 524; x_wconf 76' lang='lat' dir='ltr'><strong><em>z</em></strong></span> <span class='ocrx_word' id='word_1_23' title='bbox 1878 453 2037 528; x_wconf 85' lang='lat' dir='ltr'><strong>hoc</strong></span> 
     </span>
    </p>
   </div>
   <div class='ocr_carea' id='block_1_4' title="bbox 392 547 2102 3115">
    <p class='ocr_par' dir='ltr' id='par_1_4' title="bbox 392 547 2043 1824">
     <span class='ocr_line' id='line_1_5' title="bbox 504 547 2043 648; baseline 0 -22"><span class='ocrx_word' id='word_1_24' title='bbox 504 550 722 626; x_wconf 73' lang='lat' dir='ltr'><strong>modb</strong></span> <span class='ocrx_word' id='word_1_25' title='bbox 762 549 836 622; x_wconf 88' lang='lat' dir='ltr'><strong>in</strong></span> <span class='ocrx_word' id='word_1_26' title='bbox 885 548 995 622; x_wconf 85' lang='lat' dir='ltr'><strong>his</strong></span> <span class='ocrx_word' id='word_1_27' title='bbox 1030 547 1390 621; x_wconf 82' lang='lat' dir='ltr'><strong>annotaffe</strong></span> <span class='ocrx_word' id='word_1_28' title='bbox 1418 548 1784 640; x_wconf 85' lang='lat' dir='ltr'><strong>contenti,</strong></span> <span class='ocrx_word' id='word_1_29' title='bbox 1816 552 2043 648; x_wconf 68' lang='lat' dir='ltr'><strong>quos·-⁸</strong></span> 
     </span>
     <span class='ocr_line' id='line_1_6' title="bbox 504 645 2034 748; baseline 0 -23"><span class='ocrx_word' id='word_1_30' title='bbox 504 651 668 725; x_wconf 90' lang='lat' dir='ltr'><strong>dam</strong></span> <span class='ocrx_word' id='word_1_31' title='bbox 692 648 918 748; x_wconf 64' lang='lat' dir='ltr'><strong>gratia</strong></span> <span class='ocrx_word' id='word_1_32' title='bbox 938 645 1455 746; x_wconf 67' lang='lat' dir='ltr'><strong>significationis</strong></span> <span class='ocrx_word' id='word_1_33' title='bbox 1475 701 1498 737; x_wconf 91' lang='lat'><strong>,</strong></span> <span class='ocrx_word' id='word_1_34' title='bbox 1532 646 1872 745; x_wconf 86' lang='lat' dir='ltr'><strong>quosdam</strong></span> <span class='ocrx_word' id='word_1_35' title='bbox 1900 650 2034 726; x_wconf 85' lang='lat' dir='ltr'><strong>de-</strong></span> 
     </span>
     <span class='ocr_line' id='line_1_7' title="bbox 502 744 2032 844; baseline -0.001 -21"><span class='ocrx_word' id='word_1_36' title='bbox 502 747 693 823; x_wconf 86' lang='lat' dir='ltr'><strong>coris</strong></span> <span class='ocrx_word' id='word_1_37' title='bbox 721 746 1002 834; x_wconf 80' lang='lat' dir='ltr'><strong>affumi3</strong></span> <span class='ocrx_word' id='word_1_38' title='bbox 1035 750 1113 822; x_wconf 90' lang='lat'>&amp;</span> <span class='ocrx_word' id='word_1_39' title='bbox 1137 745 1274 818; x_wconf 84' lang='lat' dir='ltr'><strong>effe</strong></span> <span class='ocrx_word' id='word_1_40' title='bbox 1298 744 1479 818; x_wconf 88' lang='lat' dir='ltr'><strong>alios</strong></span> <span class='ocrx_word' id='word_1_41' title='bbox 1496 745 1571 818; x_wconf 87' lang='lat' dir='ltr'><strong>in</strong></span> <span class='ocrx_word' id='word_1_42' title='bbox 1595 744 1834 819; x_wconf 86' lang='lat' dir='ltr'><strong>verbis</strong></span> <span class='ocrx_word' id='word_1_43' title='bbox 1856 772 2032 844; x_wconf 83' lang='lat' dir='ltr'>pro-</span> 
     </span>
     <span class='ocr_line' id='line_1_8' title="bbox 500 843 2027 948; baseline -0.001 -28"><span class='ocrx_word' id='word_1_44' title='bbox 500 846 669 948; x_wconf 87' lang='lat' dir='ltr'><strong>priis</strong></span> <span class='ocrx_word' id='word_1_45' title='bbox 693 903 717 938; x_wconf 87' lang='lat'>‚</span> <span class='ocrx_word' id='word_1_46' title='bbox 745 847 920 920; x_wconf 88' lang='lat' dir='ltr'><strong>alios</strong></span> <span class='ocrx_word' id='word_1_47' title='bbox 964 846 1036 918; x_wconf 86' lang='lat' dir='ltr'><strong>in</strong></span> <span class='ocrx_word' id='word_1_48' title='bbox 1059 843 1402 918; x_wconf 89' lang='lat' dir='ltr'><strong>transsatis</strong></span> <span class='ocrx_word' id='word_1_49' title='bbox 1438 871 1461 931; x_wconf 89' lang='lat'>;</span> <span class='ocrx_word' id='word_1_50' title='bbox 1499 843 1833 942; x_wconf 88' lang='lat' dir='ltr'><strong>vertique</strong></span> <span class='ocrx_word' id='word_1_51' title='bbox 1863 844 2027 920; x_wconf 88' lang='lat' dir='ltr'>for-</span> 
     </span>
     <span class='ocr_line' id='line_1_9' title="bbox 502 941 2029 1034; baseline -0.009 -12"><span class='ocrx_word' id='word_1_52' title='bbox 502 969 655 1021; x_wconf 89' lang='lat' dir='ltr'><strong>mas</strong></span> <span class='ocrx_word' id='word_1_53' title='bbox 693 968 836 1018; x_wconf 90' lang='lat' dir='ltr'><strong>non</strong></span> <span class='ocrx_word' id='word_1_54' title='bbox 871 944 1259 1020; x_wconf 87' lang='lat' dir='ltr'><strong>verborum</strong></span> <span class='ocrx_word' id='word_1_55' title='bbox 1291 942 1514 1015; x_wconf 74' lang='lat' dir='ltr'><strong>modb</strong></span> <span class='ocrx_word' id='word_1_56' title='bbox 1541 997 1565 1034; x_wconf 85' lang='lat'><strong><em>‚</em></strong></span> <span class='ocrx_word' id='word_1_57' title='bbox 1599 941 1716 1014; x_wconf 90' lang='lat' dir='ltr'><strong>sed</strong></span> <span class='ocrx_word' id='word_1_58' title='bbox 1744 943 1824 1016; x_wconf 88' lang='lat'>&amp;</span> <span class='ocrx_word' id='word_1_59' title='bbox 1859 943 2029 1019; x_wconf 78' lang='lat' dir='ltr'><strong>sen..</strong></span> 
     </span>
     <span class='ocr_line' id='line_1_10' title="bbox 499 1040 2029 1141; baseline -0.003 -22"><span class='ocrx_word' id='word_1_60' title='bbox 499 1044 695 1120; x_wconf 89' lang='lat' dir='ltr'><strong>suum</strong></span> <span class='ocrx_word' id='word_1_61' title='bbox 742 1094 770 1130; x_wconf 91' lang='lat'>‚</span> <span class='ocrx_word' id='word_1_62' title='bbox 815 1046 892 1117; x_wconf 90' lang='lat'>&amp;</span> <span class='ocrx_word' id='word_1_63' title='bbox 935 1040 1491 1141; x_wconf 85' lang='lat' dir='ltr'><strong>compofitionis.</strong></span> <span class='ocrx_word' id='word_1_64' title='bbox 1546 1042 1792 1134; x_wconf 84' lang='lat' dir='ltr'><strong>Quare</strong></span> <span class='ocrx_word' id='word_1_65' title='bbox 1846 1043 2029 1121; x_wconf 82' lang='lat' dir='ltr'><strong>mihi</strong></span> 
     </span>
     <span class='ocr_line' id='line_1_11' title="bbox 497 1138 2027 1240; baseline -0.003 -19"><span class='ocrx_word' id='word_1_66' title='bbox 497 1144 832 1221; x_wconf 84' lang='lat' dir='ltr'><strong>videntur</strong></span> <span class='ocrx_word' id='word_1_67' title='bbox 857 1141 1109 1215; x_wconf 83' lang='lat' dir='ltr'><strong>erraffe</strong></span> <span class='ocrx_word' id='word_1_68' title='bbox 1128 1196 1151 1233; x_wconf 90' lang='lat'>‚</span> <span class='ocrx_word' id='word_1_69' title='bbox 1177 1139 1300 1240; x_wconf 90' lang='lat' dir='ltr'><strong>qui</strong></span> <span class='ocrx_word' id='word_1_70' title='bbox 1324 1164 1471 1212; x_wconf 90' lang='lat' dir='ltr'><strong>non</strong></span> <span class='ocrx_word' id='word_1_71' title='bbox 1504 1138 1681 1213; x_wconf 85' lang='lat' dir='ltr'><strong>alios</strong></span> <span class='ocrx_word' id='word_1_72' title='bbox 1702 1140 2027 1217; x_wconf 81' lang='lat' dir='ltr'><strong>credide-</strong></span> 
     </span>
     <span class='ocr_line' id='line_1_12' title="bbox 392 1237 2024 1339; baseline -0.001 -23"><span class='ocrx_word' id='word_1_73' title='bbox 392 1258 399 1263; x_wconf 69' lang='grc'><em>’</em></span> <span class='ocrx_word' id='word_1_74' title='bbox 496 1259 662 1316; x_wconf 86' lang='lat' dir='ltr'><strong>runt</strong></span> <span class='ocrx_word' id='word_1_75' title='bbox 702 1260 949 1338; x_wconf 87' lang='lat' dir='ltr'><strong>tropos</strong></span> <span class='ocrx_word' id='word_1_76' title='bbox 998 1295 1022 1333; x_wconf 87' lang='lat'><strong>,</strong></span> <span class='ocrx_word' id='word_1_77' title='bbox 1057 1240 1269 1339; x_wconf 69' lang='lat' dir='ltr'><strong>quam</strong></span> <span class='ocrx_word' id='word_1_78' title='bbox 1291 1241 1365 1311; x_wconf 90' lang='lat' dir='ltr'><strong>in</strong></span> <span class='ocrx_word' id='word_1_79' title='bbox 1414 1239 1669 1338; x_wconf 88' lang='lat' dir='ltr'><strong>quibus</strong></span> <span class='ocrx_word' id='word_1_80' title='bbox 1707 1237 2024 1315; x_wconf 88' lang='lat' dir='ltr'><strong>verbum</strong></span> 
     </span>
     <span class='ocr_line' id='line_1_13' title="bbox 493 1336 2025 1440; baseline 0.001 -27"><span class='ocrx_word' id='word_1_81' title='bbox 493 1366 627 1440; x_wconf 91' lang='lat' dir='ltr'><strong>pro</strong></span> <span class='ocrx_word' id='word_1_82' title='bbox 654 1338 881 1417; x_wconf 89' lang='lat' dir='ltr'><strong>verbo</strong></span> <span class='ocrx_word' id='word_1_83' title='bbox 903 1356 1311 1437; x_wconf 80' lang='lat' dir='ltr'><strong>poneretur.</strong></span> <span class='ocrx_word' id='word_1_84' title='bbox 1334 1338 1592 1437; x_wconf 85' lang='lat' dir='ltr'><strong>Neque</strong></span> <span class='ocrx_word' id='word_1_85' title='bbox 1617 1336 1791 1411; x_wconf 88' lang='lat' dir='ltr'><strong>illud</strong></span> <span class='ocrx_word' id='word_1_86' title='bbox 1815 1336 2025 1436; x_wconf 59' lang='lat' dir='ltr'><strong>igno-³</strong></span> 
     </span>
     <span class='ocr_line' id='line_1_14' title="bbox 494 1435 2026 1538; baseline 0.002 -26"><span class='ocrx_word' id='word_1_87' title='bbox 494 1463 584 1512; x_wconf 88' lang='lat' dir='ltr'><strong>ro</strong></span> <span class='ocrx_word' id='word_1_88' title='bbox 609 1483 641 1532; x_wconf 87' lang='lat'><strong>,·</strong></span> <span class='ocrx_word' id='word_1_89' title='bbox 666 1439 740 1510; x_wconf 86' lang='lat' dir='ltr'><strong>in</strong></span> <span class='ocrx_word' id='word_1_90' title='bbox 779 1438 1023 1512; x_wconf 90' lang='lat' dir='ltr'><strong>iisdem</strong></span> <span class='ocrx_word' id='word_1_91' title='bbox 1064 1437 1215 1513; x_wconf 73' lang='lat' dir='ltr'><strong>fere</strong></span> <span class='ocrx_word' id='word_1_92' title='bbox 1252 1438 1375 1538; x_wconf 90' lang='lat' dir='ltr'><strong>qui</strong></span> <span class='ocrx_word' id='word_1_93' title='bbox 1422 1435 1838 1536; x_wconf 83' lang='lat' dir='ltr'><strong>fignificandi</strong></span> <span class='ocrx_word' id='word_1_94' title='bbox 1862 1462 2026 1536; x_wconf 74' lang='lat' dir='ltr'><strong>gra-</strong></span> 
     </span>
     <span class='ocr_line' id='line_1_15' title="bbox 491 1535 2025 1630; baseline 0.001 -20"><span class='ocrx_word' id='word_1_95' title='bbox 491 1538 592 1611; x_wconf 68' lang='lat' dir='ltr'><strong>tia</strong></span> <span class='ocrx_word' id='word_1_96' title='bbox 647 1538 1114 1630; x_wconf 65' lang='lat' dir='ltr'><strong>adhibentur,</strong></span> <span class='ocrx_word' id='word_1_97' title='bbox 1147 1537 1284 1617; x_wconf 82' lang='lat' dir='ltr'><strong>effe</strong></span> <span class='ocrx_word' id='word_1_98' title='bbox 1347 1538 1426 1609; x_wconf 89' lang='lat'>&amp;</span> <span class='ocrx_word' id='word_1_99' title='bbox 1485 1552 1863 1609; x_wconf 87' lang='lat' dir='ltr'><strong>ornatum:</strong></span> <span class='ocrx_word' id='word_1_100' title='bbox 1892 1535 2025 1611; x_wconf 83' lang='lat' dir='ltr'><strong>sed</strong></span> 
     </span>
     <span class='ocr_line' id='line_1_16' title="bbox 491 1631 2022 1732; baseline -0.008 -22"><span class='ocrx_word' id='word_1_101' title='bbox 491 1660 639 1710; x_wconf 86' lang='lat' dir='ltr'><strong>non</strong></span> <span class='ocrx_word' id='word_1_102' title='bbox 660 1637 846 1709; x_wconf 89' lang='lat' dir='ltr'><strong>idem</strong></span> <span class='ocrx_word' id='word_1_103' title='bbox 876 1635 1152 1712; x_wconf 87' lang='lat' dir='ltr'><strong>accidet</strong></span> <span class='ocrx_word' id='word_1_104' title='bbox 1170 1634 1454 1718; x_wconf 71' lang='lat' dir='ltr'><strong>contra3</strong></span> <span class='ocrx_word' id='word_1_105' title='bbox 1483 1631 1829 1728; x_wconf 74' lang='lat' dir='ltr'><strong>eruntque</strong></span> <span class='ocrx_word' id='word_1_106' title='bbox 1854 1635 2022 1732; x_wconf 81' lang='lat' dir='ltr'><strong>qui..</strong></span> 
     </span>
     <span class='ocr_line' id='line_1_17' title="bbox 491 1731 2023 1824; baseline -0.002 -16"><span class='ocrx_word' id='word_1_107' title='bbox 491 1734 655 1808; x_wconf 89' lang='lat' dir='ltr'><strong>dam</strong></span> <span class='ocrx_word' id='word_1_108' title='bbox 685 1737 955 1807; x_wconf 74' lang='lat' dir='ltr'><strong>tantum</strong></span> <span class='ocrx_word' id='word_1_109' title='bbox 984 1732 1074 1806; x_wconf 89' lang='lat' dir='ltr'><strong>ad</strong></span> <span class='ocrx_word' id='word_1_110' title='bbox 1102 1731 1405 1824; x_wconf 88' lang='lat' dir='ltr'><strong>speciem</strong></span> <span class='ocrx_word' id='word_1_111' title='bbox 1456 1731 2023 1810; x_wconf 67' lang='lat' dir='ltr'><strong>accommodati.‘</strong></span> 
     </span>
    </p>

    <p class='ocr_par' dir='ltr' id='par_1_5' title="bbox 479 1824 2102 3115">
     <span class='ocr_line' id='line_1_18' title="bbox 576 1824 2019 1929; baseline 0 -24"><span class='ocrx_word' id='word_1_112' title='bbox 576 1835 628 1905; x_wconf 88' lang='grc' dir='ltr'><strong>Ι.</strong></span> <span class='ocrx_word' id='word_1_113' title='bbox 684 1833 780 1903; x_wconf 91' lang='lat' dir='ltr'><strong>IN</strong></span> <span class='ocrx_word' id='word_1_114' title='bbox 785 1824 1230 1904; x_wconf 88' lang='lat' dir='ltr'><strong>CIPIAMUS</strong></span> <span class='ocrx_word' id='word_1_115' title='bbox 1288 1826 1502 1925; x_wconf 84' lang='lat' dir='ltr'><strong>igitur</strong></span> <span class='ocrx_word' id='word_1_116' title='bbox 1561 1824 1651 1901; x_wconf 91' lang='lat' dir='ltr'><strong>ab</strong></span> <span class='ocrx_word' id='word_1_117' title='bbox 1722 1850 1813 1900; x_wconf 91' lang='lat' dir='ltr'><strong>eo</strong></span> <span class='ocrx_word' id='word_1_118' title='bbox 1879 1831 2019 1929; x_wconf 88' lang='lat' dir='ltr'><strong>qui</strong></span> 
     </span>
     <span class='ocr_line' id='line_1_19' title="bbox 488 1924 2021 2027; baseline -0.006 -22"><span class='ocrx_word' id='word_1_119' title='bbox 488 1933 652 2005; x_wconf 68' lang='lat' dir='ltr'><strong>cum</strong></span> <span class='ocrx_word' id='word_1_120' title='bbox 671 1924 1255 2027; x_wconf 84' lang='lat' dir='ltr'><strong>frequentiffimus</strong></span> <span class='ocrx_word' id='word_1_121' title='bbox 1286 1925 1383 2001; x_wconf 88' lang='lat' dir='ltr'><strong>est</strong></span> <span class='ocrx_word' id='word_1_122' title='bbox 1407 1978 1429 2009; x_wconf 92' lang='lat'>,</span> <span class='ocrx_word' id='word_1_123' title='bbox 1454 1941 1607 1998; x_wconf 87' lang='lat' dir='ltr'><strong>tum</strong></span> <span class='ocrx_word' id='word_1_124' title='bbox 1629 1924 1837 2026; x_wconf 67' lang='lat' dir='ltr'><strong>longe</strong></span> <span class='ocrx_word' id='word_1_125' title='bbox 1861 1929 2021 2026; x_wconf 81' lang='lat' dir='ltr'><strong>pul..</strong></span> 
     </span>
     <span class='ocr_line' id='line_1_20' title="bbox 488 2023 2102 2125; baseline 0 -22"><span class='ocrx_word' id='word_1_126' title='bbox 488 2028 875 2103; x_wconf 84' lang='lat' dir='ltr'><strong>cherrimus</strong></span> <span class='ocrx_word' id='word_1_127' title='bbox 926 2053 947 2098; x_wconf 72' lang='grc' dir='ltr'><strong><em>ε</em></strong></span> <span class='ocrx_word' id='word_1_128' title='bbox 1000 2024 1523 2099; x_wconf 87' lang='lat' dir='ltr'><strong>transsationem</strong></span> <span class='ocrx_word' id='word_1_129' title='bbox 1582 2023 1747 2099; x_wconf 87' lang='lat' dir='ltr'><strong>dico</strong></span> <span class='ocrx_word' id='word_1_130' title='bbox 1782 2079 1806 2116; x_wconf 87' lang='lat'><strong><em>‚</em></strong></span> <span class='ocrx_word' id='word_1_131' title='bbox 1844 2052 2011 2125; x_wconf 81' lang='lat' dir='ltr'><strong>quae</strong></span> <span class='ocrx_word' id='word_1_132' title='bbox 2096 2101 2102 2105; x_wconf 85' lang='grc'><em>,</em></span> 
     </span>
     <span class='ocr_line' id='line_1_21' title="bbox 487 2124 2013 2225; baseline -0.004 -27"><span class='ocrx_word' id='word_1_133' title='bbox 487 2126 939 2224; x_wconf 70' lang='grc' dir='ltr'><strong>Μεῖειρὴοτει,</strong></span> <span class='ocrx_word' id='word_1_134' title='bbox 968 2124 1216 2199; x_wconf 77' lang='lat' dir='ltr'><strong>Graece</strong></span> <span class='ocrx_word' id='word_1_135' title='bbox 1259 2140 1594 2201; x_wconf 84' lang='lat' dir='ltr'><strong>vocatur.</strong></span> <span class='ocrx_word' id='word_1_136' title='bbox 1643 2126 1827 2219; x_wconf 82' lang='lat' dir='ltr'><strong>Quae</strong></span> <span class='ocrx_word' id='word_1_137' title='bbox 1851 2126 2013 2225; x_wconf 88' lang='lat' dir='ltr'><strong>qui..</strong></span> 
     </span>
     <span class='ocr_line' id='line_1_22' title="bbox 487 2220 2011 2322; baseline 0.002 -26"><span class='ocrx_word' id='word_1_138' title='bbox 487 2224 647 2299; x_wconf 89' lang='lat' dir='ltr'><strong>dem</strong></span> <span class='ocrx_word' id='word_1_139' title='bbox 677 2226 838 2298; x_wconf 68' lang='lat' dir='ltr'><strong>cum</strong></span> <span class='ocrx_word' id='word_1_140' title='bbox 863 2224 965 2298; x_wconf 85' lang='lat' dir='ltr'><strong>ita</strong></span> <span class='ocrx_word' id='word_1_141' title='bbox 1005 2224 1107 2298; x_wconf 92' lang='lat' dir='ltr'><strong>est</strong></span> <span class='ocrx_word' id='word_1_142' title='bbox 1144 2223 1410 2322; x_wconf 89' lang='lat' dir='ltr'><strong>abipsa</strong></span> <span class='ocrx_word' id='word_1_143' title='bbox 1441 2220 1642 2299; x_wconf 84' lang='lat' dir='ltr'><strong>nobis</strong></span> <span class='ocrx_word' id='word_1_144' title='bbox 1677 2224 2011 2301; x_wconf 78' lang='lat' dir='ltr'><strong>concess’a</strong></span> 
     </span>
     <span class='ocr_line' id='line_1_23' title="bbox 487 2322 2010 2423; baseline 0 -27"><span class='ocrx_word' id='word_1_145' title='bbox 487 2327 734 2397; x_wconf 75' lang='lat' dir='ltr'><strong>&#39;natura</strong></span> <span class='ocrx_word' id='word_1_146' title='bbox 762 2380 786 2417; x_wconf 85' lang='lat'><strong>,</strong></span> <span class='ocrx_word' id='word_1_147' title='bbox 830 2341 912 2397; x_wconf 92' lang='lat' dir='ltr'><strong>ut</strong></span> <span class='ocrx_word' id='word_1_148' title='bbox 941 2322 1207 2397; x_wconf 62' lang='lat' dir='ltr'><strong>indocti</strong></span> <span class='ocrx_word' id='word_1_149' title='bbox 1233 2347 1523 2423; x_wconf 85' lang='lat' dir='ltr'><strong>quoque</strong></span> <span class='ocrx_word' id='word_1_150' title='bbox 1552 2348 1637 2397; x_wconf 89' lang='lat' dir='ltr'><strong>ac</strong></span> <span class='ocrx_word' id='word_1_151' title='bbox 1676 2347 1823 2395; x_wconf 91' lang='lat' dir='ltr'><strong>non</strong></span> <span class='ocrx_word' id='word_1_152' title='bbox 1852 2322 2010 2397; x_wconf 86' lang='lat' dir='ltr'><strong>sen·</strong></span> 
     </span>
     <span class='ocr_line' id='line_1_24' title="bbox 485 2422 2006 2523; baseline 0.002 -29"><span class='ocrx_word' id='word_1_153' title='bbox 485 2422 739 2497; x_wconf 84' lang='lat' dir='ltr'><strong>tientes</strong></span> <span class='ocrx_word' id='word_1_154' title='bbox 772 2422 858 2498; x_wconf 67' lang='lat' dir='ltr'><strong>ea</strong></span> <span class='ocrx_word' id='word_1_155' title='bbox 900 2423 1308 2523; x_wconf 88' lang='lat' dir='ltr'><strong>frequenter</strong></span> <span class='ocrx_word' id='word_1_156' title='bbox 1355 2439 1692 2496; x_wconf 86' lang='lat' dir='ltr'><strong>utantur:</strong></span> <span class='ocrx_word' id='word_1_157' title='bbox 1726 2438 1875 2495; x_wconf 87' lang='lat' dir='ltr'><strong>tum</strong></span> <span class='ocrx_word' id='word_1_158' title='bbox 1896 2422 2006 2497; x_wconf 86' lang='lat' dir='ltr'><strong>ita</strong></span> 
     </span>
     <span class='ocr_line' id='line_1_25' title="bbox 484 2519 1997 2617; baseline 0.001 -23"><span class='ocrx_word' id='word_1_159' title='bbox 484 2520 788 2617; x_wconf 79' lang='lat' dir='ltr'><strong>jucunda</strong></span> <span class='ocrx_word' id='word_1_160' title='bbox 837 2538 910 2597; x_wconf 91' lang='lat' dir='ltr'><strong>at</strong></span> <span class='ocrx_word' id='word_1_161' title='bbox 963 2548 1053 2599; x_wconf 89' lang='lat' dir='ltr'><strong>ue</strong></span> <span class='ocrx_word' id='word_1_162' title='bbox 1098 2522 1372 2615; x_wconf 86' lang='lat' dir='ltr'><strong>nitida,</strong></span> <span class='ocrx_word' id='word_1_163' title='bbox 1428 2538 1509 2595; x_wconf 88' lang='lat' dir='ltr'><strong>ut</strong></span> <span class='ocrx_word' id='word_1_164' title='bbox 1543 2522 1618 2593; x_wconf 92' lang='lat' dir='ltr'><strong>in</strong></span> <span class='ocrx_word' id='word_1_165' title='bbox 1663 2519 1997 2594; x_wconf 77' lang='lat' dir='ltr'><strong>oratione</strong></span> 
     </span>
     <span class='ocr_line' id='line_1_26' title="bbox 486 2549 1996 2720; baseline 0.001 -28"><span class='ocrx_word' id='word_1_166' title='bbox 486 2621 877 2720; x_wconf 85' lang='lat' dir='ltr'><strong>quamlibet</strong></span> <span class='ocrx_word' id='word_1_167' title='bbox 902 2549 1088 2695; x_wconf 48' lang='lat' dir='ltr'><strong>&lt;flata</strong></span> <span class='ocrx_word' id='word_1_168' title='bbox 1112 2621 1445 2719; x_wconf 83' lang='lat' dir='ltr'><strong>‚proprio</strong></span> <span class='ocrx_word' id='word_1_169' title='bbox 1467 2636 1706 2694; x_wconf 85' lang='lat' dir='ltr'><strong>tamen</strong></span> <span class='ocrx_word' id='word_1_170' title='bbox 1724 2619 1996 2693; x_wconf 83' lang='lat' dir='ltr'><strong>lumine</strong></span> 
     </span>
     <span class='ocr_line' id='line_1_27' title="bbox 488 2717 1995 2816; baseline 0 -27"><span class='ocrx_word' id='word_1_171' title='bbox 488 2720 788 2791; x_wconf 88' lang='lat' dir='ltr'><strong>eluceat.</strong></span> <span class='ocrx_word' id='word_1_172' title='bbox 807 2720 1062 2815; x_wconf 84' lang='lat' dir='ltr'><strong>Neque</strong></span> <span class='ocrx_word' id='word_1_173' title='bbox 1092 2717 1280 2789; x_wconf 83' lang='lat' dir='ltr'><strong>enim</strong></span> <span class='ocrx_word' id='word_1_174' title='bbox 1300 2717 1612 2816; x_wconf 87' lang='lat' dir='ltr'><strong>vulgaris</strong></span> <span class='ocrx_word' id='word_1_175' title='bbox 1633 2718 1779 2793; x_wconf 81' lang='lat' dir='ltr'><strong>effe</strong></span> <span class='ocrx_word' id='word_1_176' title='bbox 1802 2774 1824 2809; x_wconf 88' lang='lat'><strong><em>‚</em></strong></span> <span class='ocrx_word' id='word_1_177' title='bbox 1858 2741 1995 2793; x_wconf 81' lang='lat' dir='ltr'><strong>nec</strong></span> 
     </span>
     <span class='ocr_line' id='line_1_28' title="bbox 483 2814 1998 2908; baseline 0.003 -22"><span class='ocrx_word' id='word_1_178' title='bbox 483 2815 763 2887; x_wconf 88' lang='lat' dir='ltr'><strong>humilis</strong></span> <span class='ocrx_word' id='word_1_179' title='bbox 789 2869 812 2906; x_wconf 88' lang='lat'>‚</span> <span class='ocrx_word' id='word_1_180' title='bbox 845 2817 975 2888; x_wconf 83' lang='lat' dir='ltr'><strong>nec</strong></span> <span class='ocrx_word' id='word_1_181' title='bbox 1005 2814 1312 2889; x_wconf 87' lang='lat' dir='ltr'><strong>insuavis</strong></span> <span class='ocrx_word' id='word_1_182' title='bbox 1349 2871 1372 2908; x_wconf 89' lang='lat'>‚</span> <span class='ocrx_word' id='word_1_183' title='bbox 1407 2816 1591 2890; x_wconf 69' lang='grc' dir='ltr'><strong>τεξὶὲ</strong></span> <span class='ocrx_word' id='word_1_184' title='bbox 1625 2817 1847 2890; x_wconf 76' lang='lat' dir='ltr'><strong>modb</strong></span> <span class='ocrx_word' id='word_1_185' title='bbox 1863 2818 1998 2891; x_wconf 75' lang='lat' dir='ltr'><strong>ad·</strong></span> 
     </span>
     <span class='ocr_line' id='line_1_29' title="bbox 479 2912 1998 3016; baseline 0.002 -32"><span class='ocrx_word' id='word_1_186' title='bbox 479 2912 647 2987; x_wconf 85' lang='lat' dir='ltr'><strong>scita</strong></span> <span class='ocrx_word' id='word_1_187' title='bbox 670 2913 750 2985; x_wconf 84' lang='lat' dir='ltr'><strong>fit</strong></span> <span class='ocrx_word' id='word_1_188' title='bbox 770 2967 794 3004; x_wconf 85' lang='lat'><strong>,</strong></span> <span class='ocrx_word' id='word_1_189' title='bbox 816 2912 1064 3012; x_wconf 86' lang='lat' dir='ltr'><strong>potest.</strong></span> <span class='ocrx_word' id='word_1_190' title='bbox 1088 2913 1397 3012; x_wconf 87' lang='lat' dir='ltr'><strong>Copiam</strong></span> <span class='ocrx_word' id='word_1_191' title='bbox 1415 2940 1703 3016; x_wconf 85' lang='lat' dir='ltr'><strong>quoque</strong></span> <span class='ocrx_word' id='word_1_192' title='bbox 1733 2916 1998 2988; x_wconf 89' lang='lat' dir='ltr'><strong>sermo-</strong></span> 
     </span>
     <span class='ocr_line' id='line_1_30' title="bbox 479 3009 1990 3115; baseline 0.002 -32"><span class='ocrx_word' id='word_1_193' title='bbox 479 3009 584 3083; x_wconf 88' lang='lat' dir='ltr'><strong>nis</strong></span> <span class='ocrx_word' id='word_1_194' title='bbox 615 3011 822 3115; x_wconf 80' lang='lat' dir='ltr'><strong>auget</strong></span> <span class='ocrx_word' id='word_1_195' title='bbox 868 3013 1336 3112; x_wconf 83' lang='lat' dir='ltr'><strong>permutando</strong></span> <span class='ocrx_word' id='word_1_196' title='bbox 1364 3068 1387 3107; x_wconf 90' lang='lat'><strong><em>‚</em></strong></span> <span class='ocrx_word' id='word_1_197' title='bbox 1426 3035 1547 3089; x_wconf 87' lang='lat' dir='ltr'><strong>aut</strong></span> <span class='ocrx_word' id='word_1_198' title='bbox 1598 3013 1990 3087; x_wconf 86' lang='lat' dir='ltr'><strong>mutuando</strong></span> 
     </span>
    </p>
   </div>
   <div class='ocr_carea' id='block_1_5' title="bbox 480 3109 1988 3217">
    <p class='ocr_par' dir='ltr' id='par_1_6' title="bbox 480 3109 1988 3217">
     <span class='ocr_line' id='line_1_31' title="bbox 480 3109 1988 3217; baseline 0.007 -35"><span class='ocrx_word' id='word_1_199' title='bbox 480 3113 677 3209; x_wconf 89' lang='lat' dir='ltr'><strong>quod</strong></span> <span class='ocrx_word' id='word_1_200' title='bbox 743 3135 887 3189; x_wconf 86' lang='lat' dir='ltr'><strong>non</strong></span> <span class='ocrx_word' id='word_1_201' title='bbox 968 3112 1181 3194; x_wconf 80' lang='lat' dir='ltr'><strong>habet</strong></span> <span class='ocrx_word' id='word_1_202' title='bbox 1214 3140 1232 3191; x_wconf 74' lang='grc' dir='ltr'><strong><em>ε</em></strong></span> <span class='ocrx_word' id='word_1_203' title='bbox 1268 3114 1605 3217; x_wconf 58' lang='lat' dir='ltr'><strong>quodque</strong></span> <span class='ocrx_word' id='word_1_204' title='bbox 1664 3109 1988 3210; x_wconf 39' lang='lat' dir='ltr'><strong>difficili&amp;</strong></span> 
     </span>
    </p>
   </div>
  </div>
 </body>
</html>
