2250 3761
520 112 653 189 DE
698 125 947 186 com
987 110 1504 187 Vznnonvm
1636 111 1767 213 185

246 253 338 313 ut
370 233 545 310 nihil
576 227 1089 332 significationis
1112 281 1139 319 ,
1173 251 1322 325 quo
1352 228 1589 326 potihs
1622 249 1779 305 uta-

248 338 351 410 ris
372 392 394 429 ‚
413 331 674 407 interfit
691 383 711 412 ‚
730 346 810 401 ut
826 327 982 428 ensis
1002 328 1080 399 &
1094 329 1375 424 gladius„
1396 326 1556 399 Alia
1569 379 1599 413 ,
1618 354 1775 428 quae

241 431 522 509 etiamst
571 426 857 527 propria
915 448 1157 498 rerum
1204 423 1599 523 aliquarum
1646 429 1775 501 fint

242 530 538 606 nomina
560 584 585 621 ,
622 523 909 619 τροπιιιιῗς
945 541 1186 598 tamen
1210 522 1302 595 ad
1328 523 1630 598 eundem
1665 528 1776 599 in-

248 630 611 704 telleemm
637 625 958 699 feruntur
976 678 1001 716 ‚
1038 638 1118 694 ut
1133 622 1384 710 serrum
1417 621 1498 694 δι
1531 651 1772 703 mucro.

248 728 436 801 Nam
460 750 593 825 per
618 722 1020 799 abufionem
1052 723 1338 793 Sicarios
1372 718 1583 793 etiam
1611 747 1771 797 om-

248 851 375 900 nes
397 846 747 902 vocamus
778 876 801 912 ,
845 820 969 919 qui
994 820 1258 893 caedem
1285 818 1434 893 telo
1456 843 1773 918 quocun.

160 947 173 957 ·
248 949 391 1023 que
420 919 923 999 commiserint.
975 918 1137 991 Alia
1179 916 1474 991 circuitu
1501 922 1771 994 verbo-

247 1047 406 1097 rum
427 1021 808 1120 plurimum
837 1016 1264 1092 ostendimus
1289 1041 1314 1104 ;
1340 1016 1547 1115 quale
1574 1018 1672 1092 est
1692 1073 1712 1102 ‚

914 1167 1015 1236 Et
1040 1162 1232 1263 prff
1255 1168 1435 1260 copia
1460 1169 1668 1241 lul-31⁶5·
1790 1203 2135 1272 3·Eclog.820
2165 1185 2173 1192 ⁶

254 1317 564 1390 Plurima
626 1314 813 1393 vero
878 1313 1276 1388 mutatione
1331 1311 1705 1411 figuramus
1744 1344 1764 1389 ε

258 1419 415 1487 Scio
434 1470 458 1507 ,
489 1421 640 1487 Non
654 1417 905 1513 ignoro:
930 1416 1008 1487 &
1024 1465 1048 1503 ,
1074 1416 1233 1484 Non
1257 1414 1536 1508 mefugit
1554 1462 1580 1498 ,
1610 1419 1766 1484 Non

253 1540 356 1584 me
367 1516 639 1608 praeterit
667 1540 693 1587 .·
726 1511 806 1584 &
825 1564 849 1601 ,
877 1512 1054 1605 Quis
1077 1512 1268 1605 nest-it
1292 1515 1331 1582 ,θ
1351 1512 1610 1582 Nemini
1637 1515 1768 1583 du-

253 1614 428 1703 bium
454 1612 553 1713 est.
605 1609 743 1684 Sed
773 1609 984 1682 etiam
1007 1631 1094 1679 ex
1113 1607 1439 1704 proximo
1463 1609 1771 1681 mutuari

250 1707 444 1784 licet.
490 1708 676 1780 Nam
706 1710 787 1783 &
818 1709 1100 1803 intelligo
1125 1755 1153 1790 ,
1191 1705 1488 1800 &statio
1505 1755 1531 1791 ‚
1566 1707 1644 1778 &
1670 1711 1769 1777 νὶ-

250 1811 367 1879 deo
388 1857 415 1893 ‚
453 1805 539 1879 sae
590 1806 629 1879 ὲ
655 1805 847 1880 idem
878 1803 1121 1880 valent
1148 1804 1342 1904 quod
1364 1807 1537 1877 Scio.
1569 1807 1770 1899 Quo-

252 1930 415 1977 rum
451 1930 548 1978 no
601 1906 657 1979 is
700 1905 1095 1978 ubertatem
1134 1928 1217 1978 ac
1249 1902 1533 1978 divitias
1572 1904 1770 1977 dabit

251 2002 467 2076 leffio
489 2058 513 2095 ,
560 2020 638 2075 ut
664 2002 769 2075 his
800 2026 940 2075 non
975 2002 1199 2075 solhm
1239 2003 1396 2077 citm
1436 2027 1772 2077 occurre·-

250 2101 389 2173 rint
415 2157 437 2194 ‚
481 2100 602 2175 sed
627 2101 842 2174 etiam
867 2102 1027 2173 citm
1046 2118 1380 2199 oporteat
1401 2157 1425 2190 ‚
1461 2121 1769 2179 utamur.

251 2201 422 2271 Non
446 2198 719 2298 semper
747 2200 934 2272 enim
973 2200 1119 2272 haec
1143 2200 1329 2272 inter
1353 2200 1421 2271 se
1454 2199 1642 2273 idem
1671 2201 1772 2274 fa-

255 2298 448 2370 ciunt
470 2325 489 2371 t
517 2324 647 2373 nec
665 2299 838 2371 ficut
856 2298 941 2370 de
968 2298 1330 2371 intellecihr
1351 2298 1559 2370 animi
1583 2300 1770 2371 reste

255 2396 553 2468 dixerim
592 2402 793 2467 Video
833 2425 857 2469 .-
907 2396 1005 2468 ita
1037 2397 1127 2468 de
1153 2394 1306 2468 visu
1342 2396 1714 2466 oculorum
1736 2450 1762 2487 ,

254 2498 585 2591 IntelligO.
627 2495 691 2565 N
694 2521 778 2568 ec
797 2512 876 2566 ut
901 2522 1115 2565 mucro
1134 2495 1428 2590 gladium
1447 2542 1476 2577 ,
1510 2492 1599 2562 fic
1626 2521 1762 2563 mu-

253 2619 497 2664 cronem
521 2597 781 2688 gladius
807 2591 1127 2664 ostendit.

344 2690 483 2763 Sed
523 2709 602 2761 ut
639 2688 843 2787 copia
876 2689 1269 2764 verborum
1308 2684 1396 2758 fic
1426 2705 1708 2781 paratur
1732 2741 1760 2781 ,

244 2786 349 2860 ita
384 2811 528 2859 non
558 2788 943 2863 verborum
979 2787 1246 2859 tantixm
1281 2783 1500 2882 grati&
1527 2784 1760 2884 legen-

244 2884 417 2957 dum
448 2886 572 2961 vel
603 2886 1027 2958 audiendum
1059 2884 1182 2959 est.
1228 2885 1413 2955 Nam
1442 2885 1757 2958 omnium

244 3007 681 3081 quaecunque
710 2983 1047 3056 docemus
1073 3034 1097 3067 ,
1139 2983 1284 3055 hoc
1317 2981 1471 3052 sunt
1511 2978 1754 3053 exem-

238 3079 360 3178 pla
375 3082 782 3179 potentiora
797 3082 1011 3157 etiam
1035 3080 1190 3179 ipfis
1211 3104 1367 3179 quae
1386 3078 1756 3152 traduntur
1853 3179 1858 3185 ι
