2250 3761
466 156 605 229 DE
657 169 899 226 APTE
958 168 1439 227 DICENDO.
1591 177 1739 245 291*

214 273 335 348 rit.
364 324 383 344 .
410 273 487 343 ld
508 270 716 442 ff
736 270 1070 342 decenter
1091 266 1242 340 fieri
1268 269 1471 366 poffit
1491 323 1513 360 ‚
1543 269 1739 367 equi.

219 371 392 444 dem
424 393 516 441 no
549 381 558 390 ’
673 367 890 442 venio
919 420 941 456 ,
976 363 1099 437 nifi
1129 366 1389 465 aliquid
1425 367 1741 464 reperia-

220 477 342 539 tur
367 466 552 565 quod
581 463 839 538 interfit
865 490 892 550 3
921 461 1211 562 persona
1237 517 1262 555 ,
1307 483 1471 561 aetas
1498 515 1520 547 ,
1556 483 1741 538 tem-

219 587 351 663 pus
371 618 393 654 ‚
411 562 633 651 ,causa
658 612 685 648 ,
713 561 911 635 locus
938 615 960 651 ‚
995 561 1290 650 animus.
1315 562 1606 635 Tubero
1631 560 1741 659 ju-

220 685 482 737 venem
517 660 586 734 se
621 658 800 757 patri
837 657 1083 731 haefiffe
1109 712 1134 750 ‚
1180 659 1379 730 illurn
1417 659 1457 731 ὲ
1496 658 1736 733 senatu

104 768 130 777 ’
218 757 496 832 miffum
527 781 666 830 non
702 756 788 829 ad
812 755 1072 829 bellum
1091 809 1115 847 ,
1167 755 1285 829 sed
1316 755 1404 828 ad
1435 756 1739 831 frumen-

173 886 184 894 *
219 872 378 928 tum
406 855 863 930 coemendum
890 853 987 926 ait
1016 880 1035 925 ε
1084 870 1164 924 ut
1189 852 1487 951 primum
1518 855 1735 928 licue-

217 952 359 1043 rit,
404 954 440 1025 ὲ
484 953 794 1052 partibus
836 949 1221 1024 receffiss‘e:
1261 953 1611 1121 Ligarium
1651 955 1736 1028 δι

214 1049 685 1162 perseverasse
706 1105 730 1140 ‚
765 1053 843 1123 δι
867 1074 1010 1121 non
1033 1073 1163 1146 pro
1187 1052 1320 1122 Cn.
1398 1050 1687 1148 ompeio
1710 1105 1737 1141 ‚

214 1168 404 1220 mter
427 1170 642 1243 quem
668 1149 746 1216 δι
777 1144 1121 1216 Caesarem
1146 1147 1496 1243 dignitatis
1524 1147 1738 1221 fiterit

218 1242 593 1318 contentio
624 1294 648 1330 ‚
694 1241 854 1311 cum
897 1238 1164 1311 salvam
1194 1258 1355 1312 uter
1406 1268 1495 1315 ue
1527 1245 1738 1315 Rem-

219 1339 583 1437 publicam
624 1335 845 1409 vellet
874 1388 898 1426 ,
944 1335 1064 1407 sed
1122 1360 1255 1433 pro
1305 1267 1479 1411 Jtiiaa
1521 1357 1738 1437 atque

219 1434 408 1511 Afris
457 1431 927 1508 inimiciffimis
962 1456 1060 1530 po
1108 1433 1233 1505 ulo
1261 1434 1586 1508 Romano
1612 1436 1739 1511 ste-

221 1531 406 1605 tiffe.
471 1532 823 1607 Caeteriim
870 1532 992 1607 vel
1074 1528 1448 1606 acianis‘num
1496 1534 1594 1607 est
1633 1534 1736 1608 ibi

219 1629 522 1704 alienam
575 1630 850 1727 culpam
903 1628 1223 1704 accusare
1252 1685 1276 1723 ,
1328 1631 1453 1703 ubi
1495 1632 1734 1709 fateris

215 1745 437 1802 tuam.
496 1729 763 1800 Verum
799 1725 870 1798 id
919 1725 1059 1819 jam
1102 1726 1353 1821 judicis
1399 1728 1538 1822 est,
1583 1755 1731 1804 non

214 1825 492 1899 astoriS.
534 1824 753 1919 Quod
777 1824 824 1897 fi
857 1825 1044 1898 nulla
1073 1825 1412 1926 contingit
1438 1829 1727 1903 excusa-

217 1923 326 1994 tio
349 1977 372 2012 ,
399 1920 544 1994 sola
566 1924 874 1995 colorem
901 1924 1115 1996 habet
1134 1925 1568 2020 poenitentia.
1594 1929 1724 2001 Po-

211 2017 345 2093 test
390 2018 577 2091 enim
626 2019 853 2094 videri
900 2020 1058 2097 satis
1102 2023 1553 2117 emendatuS,
1599 2027 1721 2124 qui

213 2117 291 2190 in
328 2116 571 2189 odium
618 2142 865 2191 eorum
906 2118 982 2190 in
1025 2120 1280 2218 quibus
1307 2144 1668 2198 erraverat
1692 2176 1716 2208 ,

208 2212 356 2314 ipse
382 2215 758 2289 conversus
790 2216 907 2307 est.
929 2272 947 2289 .
968 2270 987 2288 .

301 2313 556 2385 ILLUD‘
580 2314 792 2386 etiam
831 2313 905 2387 in
936 2313 1115 2408 jocis
1161 2319 1459 2411 monui,
1507 2321 1715 2418 quam
1742 2335 2079 2409 Tom.1.pag,

208 2409 435 2506 turpis
466 2410 634 2483 effet
658 2410 958 2482 fortunae
985 2412 1338 2488 infestatio
1357 2467 1384 2501 ,
1424 2422 1501 2491 &
1530 2443 1620 2490 ne
1644 2420 1718 2491 in
1740 2420 1836 2467 4‘4
1856 2402 1901 2454 δ’
1922 2421 2035 2471 4¹5·
2128 2488 2134 2495 .

206 2522 407 2579 totos
446 2506 719 2579 ordines
742 2561 766 2599 ,
805 2530 925 2579 aut
951 2528 1197 2605 gentes
1216 2565 1242 2601 ‚
1272 2530 1391 2584 aut
1411 2515 1716 2613 populos

203 2602 594 2701 petulantia
615 2601 1018 2678 incurreret.
1064 2607 1200 2679 Sed
1233 2609 1511 2683 interim
1537 2612 1713 2689 fides

201 2697 580 2798 patrocinii
612 2701 796 2798 cogit
824 2756 846 2792 ‚
899 2704 1215 2800 quaedam
1253 2706 1341 2779 de
1379 2710 1710 2787 universo

251 2818 465 2868 enere
495 2795 886 2894 aliquorum
910 2800 1270 2874 hominum
1296 2804 1528 2881 dicere
1557 2865 1581 2901 ‚
1628 2830 1710 2886 ut

254 2891 690 2966 bertinorum
713 2949 737 2987 ,
778 2897 897 2969 vel
933 2898 1230 2971 militum
1252 2956 1276 2991 ‚
1319 2904 1439 2975 vel
1476 2909 1738 3003 publi-·

198 3014 537 3064 canorum
560 3046 583 3082 ,
609 2994 729 3066 vel
749 2993 1055 3066 fimiliter
1081 2997 1412 3072 aliorum:
1447 3003 1518 3074 in
1546 3004 1708 3101 qui·

197 3087 334 3161 bus
367 3089 685 3166 omnibus
718 3114 1089 3169 commune
1134 3099 1526 3179 remedium
1561 3099 1702 3197 est,

1328 3194 1470 3292 Nij
