2250 3761
538 156 688 255 386
848 156 1049 257 Lrn.
1142 155 1335 227 XII.
1402 156 1630 228 CAP.
1697 156 1836 226 111.

536 272 789 375 procul
827 272 1268 354 intuentibus
1299 270 1582 347 fortasse
1615 272 1991 347 videatur.

605 373 959 467 -Namque
990 393 1204 443 omne
1243 368 1349 462 jus
1380 366 1573 464 quod
1603 367 1699 442 est
1746 387 2043 442 certum
2064 425 2090 462 ,

542 464 662 543 {aut
695 467 951 564 scripto
976 521 998 554 ‚
1049 484 1172 539 aut
1209 465 1524 539 moribus
1569 464 1864 540 constat.
1906 468 2088 540 Du-

538 565 735 639 bium
769 619 791 652 ‚
847 563 1195 661 aequitatis
1244 562 1483 662 regula
1524 562 2088 637 examinandum

539 662 656 737 est.
688 664 869 756 Quae
898 661 1148 758 scripta
1177 659 1522 749 suntssut
1558 660 1779 758 pofita
1810 662 1887 734 in
1916 687 2088 735 mo-

541 770 621 847 lie
659 758 1017 849 civitatis,
1073 758 1332 837 nullam
1379 758 1643 833 habent
1697 759 2080 833 difficulta-

541 868 739 937 tem:
789 855 1223 956 cognitionis=
1262 855 1413 931 sunt
1466 848 1654 931 enim
1683 912 1709 948 ,
1770 882 1920 930 non
1964 856 2083 930 ine

544 953 933 1029 ventionis.
963 958 1055 1027 At
1084 958 1240 1051 quae
1267 952 1748 1029 consultorum
1782 955 2081 1055 respon.

548 1051 631 1125 fis
655 1051 1141 1150 explicanturg,
1170 1059 1296 1125 'aut
1336 1050 1409 1123 in
1446 1051 1828 1129 verborum
1846 1050 2080 1125 inter..

546 1149 944 1254 pretatione
987 1149 1141 1221 sunt
1168 1148 1386 1246 posita
1407 1204 1429 1240 ,
1471 1167 1592 1222 aut
1619 1148 1692 1221 in
1715 1149 1889 1223 reffi
1914 1175 2075 1248 pra-

545 1250 767 1344 vique
805 1246 1224 1325 discrimine.
1279 1247 1440 1323 Vim
1494 1246 1832 1346 cujusque
1873 1246 2069 1321 vocis

548 1341 946 1442 intelligere
983 1399 1005 1439 ,
1043 1362 1164 1417 aut
1209 1368 1582 1419 commune
1621 1343 2072 1442 prudentium

550 1439 650 1512 ‘est
670 1495 714 1541 ,ἱ
729 1459 848 1516 aut
876 1442 1237 1540 proprium
1259 1442 1564 1532 oratoris
1586 1469 1605 1515 ε
1636 1442 2075 1542 aequitas'op·

548 1537 724 1618 timo
763 1539 1015 1638 cuique
1046 1540 1387 1612 notiffima
1424 1540 1543 1612 est.

557 1644 576 1673 ’
649 1636 802 1721 Nos
831 1642 1043 1747 porro
1074 1641 1153 1712 &
1187 1637 1454 1710 bonum
1488 1636 1764 1722 virum,
1797 1637 1877 1710 &
1910 1660 2082 1735 pru·
2166 1666 2173 1671 ·

551 1733 837 1807 dentem
894 1735 1208 1833 inprimis
1268 1751 1634 1810 oratorem
1678 1751 2075 1831 putamus:
2178 1770 2179 1789 π

553 1833 677 1931 qui
724 1834 884 1906 cum
919 1832 988 1910 se
1039 1835 1128 1907 ad
1175 1833 1290 1928 id,
1345 1833 1540 1934 quod
1591 1831 1682 1924 est
1718 1827 2078 1928 optimum

552 1948 800 2002 natura
845 1984 863 2014 ,
944 1932 1275 2008 direxerit
1318 1988 1341 2024 ‚
1414 1957 1560 2006 non
1640 1952 2074 2029 magnopere

556 2029 1132 2102 commovebitur
1162 2030 1211 2103 fi
1256 2030 1412 2126 quis
1449 2028 1539 2116 ab
1577 2054 1669 2102 eo
1715 2027 2069 2106 consultus

553 2121 938 2216 diffentiat,
993 2128 1151 2206 ciun
1180 2127 1333 2224 ipsis
1368 2127 1504 2201 illis
1535 2124 1839 2200 diversas
1880 2124 2073 2198 inter

553 2218 625 2298 se
677 2220 1047 2331 opiniones
1100 2224 1728 2302 tueri'conceffum
1778 2221 1885 2293 sit.
1936 2220 2075 2295 sed

556 2318 821 2392 etiamsi
866 2323 1055 2395 noffe
1091 2324 1260 2421 quid
1300 2324 1589 2424 quisque
1617 2320 1902 2396 senserit
1940 2344 2080 2392 vo-

557 2418 693 2509 let,
741 2420 1059 2492 leffionis
1107 2446 1282 2518 opus
1330 2420 1465 2513 est,
1511 2421 1652 2524 qua
1679 2419 1856 2491 nihil
1879 2417 1978 2498 est
2001 2415 2078 2489 in

559 2515 795 2593 ¹studiis
837 2516 1060 2606 minus
1102 2518 1554 2594 laboriosum.
1607 2516 1891 2611 Quodsi
1920 2515 2078 2612 ple-

557 2613 762 2709 rique
826 2616 1191 2712 desperata'
1256 2617 1589 2689 facultate
1645 2614 1940 2712 agendi,
1987 2611 2077 2685 ad

558 2708 960 2788 discendum
986 2711 1095 2804 jus
1135 2715 1708 2802 declinaverunt,
1760 2713 1972 2809 quem
2006 2711 2077 2786 id

559 2804 729 2878 scire
746 2805 950 2879 facile
980 2810 1076 2882 est
1104 2812 1414 2902 oratori,
1450 2812 1642 2910 quod
1665 2809 1937 2881 discunt
1963 2807 2081 2905 qui
2174 2827 2175 2838 ¹

557 2901 977 3079 ἷιιεέἷςῑιιοξυε
998 2908 1423 3012 confeffione
1443 2925 1770 2986 oratores
1786 2906 1923 2985 effe
1939 2929 2085 2978 non

552 3025 649 3107 po
705 3024 828 3074 unt

556 3121 574 3135 ·
647 3103 944 3208 ‚Verum
977 3105 1064 3192 ὃς
1105 3107 1205 3177 Μ.
1238 3107 1426 3186 Cato
1472 3106 1638 3185 etun
1671 3103 1748 3177 in
1778 3101 2082 3184 dicendo
