2250 3761
516 112 667 208 '408
789 113 995 185 Lm.
1059 108 1256 187 XII.
1324 111 1825 191 CAP.1X.·

526 230 616 304 da
658 230 834 304 sunt.
903 230 1065 303 Hoc
1128 231 1411 328 quidem
1462 229 1620 329 quis
1674 230 2098 310 hominum

527 327 729 401 liberi
764 327 986 401 modb
1023 329 1364 427 sanguinis
1408 326 1738 400 sustineat
1767 384 1789 420 ,
1855 353 2097 431 pern.

527 423 676 497 lans
712 424 847 497 effe
883 425 970 496 acl
1007 426 1299 498 alterius
1336 424 1760 502 arbitrium?

624 521 842 620 Atqui
883 523 1095 595 etiam
1137 524 1207 597 in
1242 526 1640 596 advocatos
1672 525 1916 624 partis
1953 528 2095 600 ad·

529 621 750 696 verfae
808 620 1110 694 libenter
1170 621 1486 694 nonnulli
1540 620 2003 695 invehuntur
2057 650 2088 699 .·

530 718 727 818 quod
781 717 898 790 nist
948 718 1137 803 forte
1193 736 1601 794 meruerunt
1636 773 1659 810 ‚
1717 720 1800 792 δε
1858 721 2088 794 inhu-

532 839 816 890 manum
868 817 969 889 est
1010 817 1326 915 respectu
1390 816 1887 894 communium
1956 818 2079 891 of-

532 913 899 1003 ficiorum,
941 915 1027 987 >&
1072 918 1232 989 cum
1273 915 1394 1013 ipst
1445 914 1777 1014 quidicit
1803 969 1829 1005 ‚
1887 915 2081 989 inu-

534 1009 660 1083 tile
692 1009 901 1109 (nam
927 1012 1115 1085 idem
1145 1012 1317 1106 juris
1344 1011 1766 1111 responsuris
1792 1012 2077 1112 datur)

533 1123 684 1190 tum
706 1108 929 1185 ‚causae
973 1111 1454 1201 contrarium·²
1495 1110 1677 1208 'quia
1717 1109 1940 1207 plane
1989 1114 2076 1185 86

537 1205 915 1282 adversarii
948 1206 1124 1281 fiunt
1148 1265 1173 1300 ,
1229 1210 1308 1281 &
1339 1206 1600 1283 inimici
1632 1234 1658 1295 3
1693 1208 1796 1280 δι’
1830 1225 2070 1308 quan·

536 1304 1036 1406 tulumcunque
1115 1306 1220 1380 his
1294 1304 1548 1381 virium
1594 1304 1691 1378 est
1718 1358 1744 1395 ,
1783 1323 2074 1379 contu·

536 1401 750 1476 melia
780 1421 1090 1503 augetur.
1148 1404 1369 1501 Super
1421 1402 1658 1482 omnia
1703 1402 1893 1499 perit
1946 1403 2070 1476 illa

539 1523 698 1595 quae
742 1501 1117 1599 plurimum
1162 1499 1434 1574 oratori
1489 1504 1566 1574 &
1619 1500 2071 1574 austofitatis

542 1599 624 1670 &
649 1597 816 1672 fidei
841 1598 1040 1672 affert
1057 1654 1080 1689 ,
1117 1598 1452 1671 modestia
1471 1652 1494 1687 ,
1524 1596 1574 1671 fi
1601 1596 1642 1673 ὲ
1662 1598 1824 1673 viro
1846 1598 2066 1671 hono

541 1692 615 1768 in
646 1697 964 1771 rabulam
993 1698 1541 1797 latratoremque
1571 1694 2010 1771 convertitur
2034 1713 2074 1786 ‚⁴

545 1795 966 1894 compofitus
997 1821 1141 1868 non
1162 1797 1250 1871 ad
1274 1795 1586 1871 animum
1609 1792 1848 1890 judicis
1871 1844 1896 1885 ,
1927 1791 2069 1867 sed

460 1984 465 1991 ι
546 1895 637 1968 ad
662 1892 1091 1968 stomachum
1124 1894 1525 1993 litigatoris·

645 1994 1077 2089 Frequenter
1122 1993 1335 2067 etiam
1373 1990 1656 2089 'species
1708 1989 2061 2066 libertatis
2169 1956 2175 2091 Ι

551 2087 897 2159 deducere
918 2089 1003 2158 ad
1023 2090 1496 2162 temeritatem
1512 2088 1706 2177 solet,
1732 2111 1879 2158 non
1897 2110 2066 2165 cau·
2169 2108 2175 2193 1

550 2185 632 2259 sts
650 2182 866 2258 modb
885 2240 908 2275 ‚
934 2184 1048 2257 sed
1071 2184 1225 2282 ipfis
1252 2211 1539 2288 quoque
1562 2183 2070 2285 quidixerunt,‘

553 2281 1034 2381 periculosam.
1061 2284 1216 2359 Nec
1240 2284 1597 2357 immerite
1612 2283 1912 2357 Pericles
1939 2283 2062 2355 so-

541 2383 741 2460 lebat
781 2402 1070 2484 optare,
1117 2406 1205 2455 ne
1239 2384 1431 2483 quod
1470 2381 1593 2455 fibi
1636 2380 1940 2455 verbum
1985 2378 2061 2452 'm

553 2496 861 2568 mentem
887 2479 1163 2555 veniret
1186 2534 1208 2570 ‚
1286 2505 1384 2563 uo
1412 2478 1715 2580 populus
1743 2477 2062 2563 offende-
2145 2498 2154 2507 ·

553 2580 775 2657 retur.
824 2578 960 2653 Sed
994 2578 1186 2677 quod
1217 2577 1264 2654 il
1294 2602 1332 2653 e
1358 2576 1443 2651 de
1474 2576 1785 2679 populo»,
1817 2574 1892 2650 id
1924 2599 2060 2673 ego

553 2677 643 2751 de
670 2673 996 2748 omnibus
1021 2674 1243 2748 sentio
1263 2730 1287 2769 ,
1323 2673 1444 2778 qui
1472 2674 1882 2748 tantundem
1908 2670 2064 2773 pos·=
2151 2686 2170 2709 '¹

555 2771 711 2846 sunt
754 2793 1035 2845 nocere.
1086 2774 1269 2847 Nam
1302 2798 1456 2874 quae
1504 2771 1720 2846 fortia
1753 2771 1918 2844 dum
1949 2768 2060 2844 di·

558 2885 808 2946 cuntur
836 2923 857 2960 ,
904 2868 1372 2963 videbantur,
1420 2870 1620 2947 stulta
1662 2871 1826 2945 cum
1870 2867 2063 2955 loese÷
2145 2918 2156 2929 ·

555 2986 720 3045 rant
752 2985 1119 3046 vocantur.
2025 2973 2039 2980 “

654 3069 795 3144 111.
851 3068 1124 3147 NUNC
1178 3067 1345 3169 quia
1385 3065 1660 3145 varium
1710 3063 2056 3235 ferespro-

1763 3185 1857 3264 po
1884 3176 2062 3251 ttutu
