2250 3761
503 163 629 239 Dr.
683 180 932 237 com
979 164 1487 239 vannorum.
1640 189 1775 238 211

263 281 528 356 riarum
559 281 1084 379 verbon'nnqne
1121 282 1435 378 pondere
1460 332 1486 372 5
1530 284 1610 356 &
1651 305 1780 353 au-

267 381 587 454 &oritate
616 380 1092 479 personarum.
1142 380 1494 452 Caeterum
1530 380 1722 451 nitor
1746 428 1778 463 ‚

268 481 352 552 δι
394 478 656 551 summa
698 478 772 551 in
813 477 1220 552 excolendis
1261 478 1592 575 operibus
1630 500 1779 550 ma-

261 599 394 649 nus
421 631 445 667 ‚
482 602 592 648 ma
640 572 702 648 is
751 574 981 649 videri
1021 574 1251 674 potest
1289 574 1722 671 temporibus
1750 627 1778 665 ,

264 674 476 772 quum
521 675 594 773 ip
647 699 678 747 s
712 672 1021 747 defuiffe.
1064 672 1337 744 Vitium
1371 690 1606 747 tamen
1640 674 1779 744 Ac-

264 770 381 846 cio
434 773 590 869 plus
644 772 974 845 tribuitur
1029 796 1047 842 :
1105 770 1494 843 Pacuvium
1549 769 1776 845 videri

261 870 688 961 doffiorem,
725 871 846 970 qui
871 869 1006 944 effe
1035 868 1222 940 docti
1246 868 1605 958 affestant,
1641 892 1773 940 vo-

263 966 444 1042 lunt.
486 971 636 1043 Jam
662 970 864 1041 Varii
892 966 1238 1066 Thyestes
1267 966 1550 1038 cuilibet
1583 969 1778 1057 Grae·

259 1088 506 1137 corum
537 1066 926 1162 comparari
950 1063 1198 1163 potest.
1238 1063 1489 1141 Ovidii
1515 1064 1776 1137 Medea

261 1162 547 1237 videtur
567 1164 737 1234 mihi
771 1162 1134 1235 ostendere
1159 1180 1497 1259 quantum
1520 1163 1631 1235 vir
1652 1160 1774 1235 ille

263 1261 582 1353 praestare
630 1259 938 1353 potuerit
963 1311 986 1347 ,
1020 1259 1068 1327 st
1107 1258 1391 1356 ingenio
1430 1257 1555 1328 suo
1597 1276 1776 1329 tem-

263 1381 512 1449 perare
564 1361 772 1451 quam
816 1354 1175 1450 indulgere
1215 1353 1579 1426 maluiffet.
1629 1356 1775 1423 Eo-

263 1477 420 1522 rum
437 1472 618 1550 quos
648 1450 945 1525 viderim
960 1505 983 1543 ‚
1013 1449 1219 1549 longe
1236 1450 1551 1547 princeps
1570 1450 1776 1521 Pom-

261 1552 514 1644 ponius
550 1549 921 1622 Secundus
974 1574 991 1619 ε
1046 1572 1260 1647 quern
1293 1546 1488 1620 senes
1522 1570 1772 1644 parum

260 1648 633 1744 Tragici-[m
676 1647 1009 1746 putabant
1035 1702 1059 1738 ,
1105 1645 1506 1726 eruditione
1544 1670 1627 1720 ac
1665 1642 1775 1723 nie
1845 1714 1850 1720 .

256 1759 417 1818 tore
442 1748 757 1842 praestare
787 1743 1331 1817 confitebantur.

354 1843 441 1914 IN
474 1846 900 1937 CoMOEmA
927 1842 1230 1916 maxime
1259 1840 1768 1916 claudicamus:

253 1938 425 2011 licet
447 1943 680 2013 Varro
703 1941 979 2032 Musas,
1010 1941 1171 2013 AElii
1211 1943 1253 1979 ⁴*
1297 1939 1607 2014 Stolonis
1628 1939 1770 2014 sen·
1861 1946 1895 1982 ⁴*
1935 1942 2146 2022 Quiqm

251 2037 475 2112 tentia
500 2090 529 2128 5
569 2038 898 2111 Plautino
926 2040 1109 2114 dicat
1135 2037 1454 2113 sermone
1494 2037 1768 2114 locutu·
1798 2012 1964 2135 {legat
1997 2008 2148 2120 ⁵³¹³&
2191 2057 2203 2062 ’

248 2159 363 2208 ras
387 2135 586 2210 fuiffe
613 2137 729 2232 nst
754 2137 999 2210 Latine
1025 2137 1226 2236 loqui
1252 2136 1518 2212 vellent
1548 2157 1570 2208 :³
1602 2136 1769 2212 licet

250 2235 619 2308 Caecilium
642 2253 926 2309 veteres
955 2236 1284 2316 laudibus,
1301 2236 1526 2309 ferant
1549 2261 1565 2305 ε
1602 2236 1764 2308 licet

249 2331 567 2405 Terentii
622 2333 877 2431 scripta
918 2333 1007 2405 ad
1064 2332 1464 2429 Scipionem
1502 2331 1766 2404 Africa-

252 2451 423 2499 num
444 2429 878 2504 referantur:
914 2455 1069 2528 quae
1093 2447 1326 2502 tamen
1353 2428 1502 2500 sunt
1527 2427 1595 2499 in
1622 2427 1764 2502 hoe

252 2548 511 2621 genere
538 2528 1026 2624 elegantiffima
1056 2583 1079 2617 ‚
1115 2526 1195 2598 δι
1222 2527 1373 2623 plus
1397 2525 1621 2597 adhuc
1645 2526 1764 2598 ha·

250 2620 484 2694 bitura
532 2627 767 2719 gratiae
796 2680 820 2718 ‚
865 2625 913 2697 fi
951 2625 1135 2699 intra
1175 2645 1206 2674 ‘²
1249 2621 1487 2699 versus
1529 2621 1763 2696 trime-

250 2735 404 2791 tros
430 2717 781 2794 stetiffent.
826 2725 967 2795 Vix
1001 2723 1241 2797 levem
1264 2719 1758 2819 consequimur

251 2816 618 2909 umbram,
658 2820 842 2893 adeo
872 2838 949 2893 ut
982 2820 1151 2893 mihi
1178 2820 1406 2896 sermo
1448 2818 1591 2917 ipse
1618 2821 1760 2893 Ro-

309 2973 340 3004 a
366 2959 617 3005 Terentius
643 2972 779 3005 more
809 2961 976 3005 Comi·
1030 2961 1143 3008 bent
1159 2961 1267 3007 οᾶο
1286 2959 1442 3023 pede-s-
1460 2963 1659 3021 Optaret
1671 2962 1755 3004 Fa-

249 3035 421 3067 torum
452 3026 603 3068 utitur
622 3019 830 3070 vertibus
853 3026 974 3068 Iam·
1032 3024 1136 3068 bius
1181 3037 1233 3070 ut
1275 3028 1514 3071 trimetros
1558 3019 1750 3068 tantum

250 3082 371 3130 bicis
414 3084 662 3144 cuiussibet
704 3084 930 3133 mensurae
961 3123 976 3147 ,
1036 3076 1321 3136 adhibuisset
1350 3120 1365 3140 ,
1419 3087 1503 3151 qui
1539 3081 1755 3134 constant

247 3162 296 3198 v.
336 3161 383 3210 g.
427 3153 738 3214 tetrametris,
771 3152 856 3216 qui
883 3149 978 3198 ha-
1029 3151 1104 3198 sex
1124 3150 1337 3214 pedibus.
