2250 3761
424 173 572 270 2o2
766 191 972 266 L113.
1045 192 1140 264 X.
1226 187 1458 264 CAP.
1541 186 1598 262 1.

421 308 632 409 copia
673 361 698 399 ‚
763 307 843 381 δε
888 303 1276 406 eloquendi
1326 303 1671 379 facultas:
1723 302 1825 377 ita
1866 303 1967 380 est

424 407 752 482 omnibus
778 406 986 480 rebus
1012 460 1036 498 ,
1074 403 1387 503 personis
1412 459 1438 498 ,
1475 402 1833 477 affefflbus
1861 429 1987 479 aer

426 506 948 594 commodatus.
1004 503 1160 577 Nec
1205 502 1373 575 nihil
1412 500 1737 600 profesto
1758 500 1968 577 vide-

426 622 592 704 runt
625 659 650 698 ‚
714 603 836 702 qui
887 603 1246 676 orationes
1293 626 1448 699 quae
1500 598 1799 672 Charifii
1849 623 1970 672 no<-

428 702 620 778 mine
653 703 958 776 eduntur
984 756 1010 793 ,
1042 701 1084 774 ὲ
1117 698 1516 774 Menandro
1537 697 1820 796 scriptas
1845 710 1968 795 pu·

430 820 611 876 tant.
655 801 790 874 Sed
818 799 990 872 mihi
1015 798 1219 897 longe
1253 796 1477 895 magis
1514 813 1763 868 orator
1795 818 1966 894 pro-

430 899 590 973 bari
615 899 686 971 in
710 923 929 996 opere
960 898 1087 969 suo
1113 894 1401 972 videtur
1432 920 1450 966 ε
1484 894 1607 966 nifi
1631 893 1817 966 forte
1845 908 1970 967 aut

434 998 558 1071 illa
605 996 790 1072 mala
841 995 1101 1092 judicia
1134 1047 1158 1087 ,
1215 1019 1372 1092 quae
1414 992 1909 1090 Epitrepontas
1937 1043 1967 1081 ,

435 1094 798 1193 Epicleros
828 1149 850 1184 ,
887 1093 1163 1168 Lochos
1188 1091 1498 1179 habent3
1529 1107 1648 1162 aut
1673 1087 1966 1160 medita-

436 1194 670 1267 tiones
703 1195 776 1267 in
800 1190 1174 1290 Psophoda
1192 1245 1218 1283 ,
1245 1190 1325 1264 &
1353 1185 1786 1262 Nomothete
1813 1240 1836 1276 ,
1882 1184 1965 1257 &

440 1289 993 1392 Hypobolimaeo
1019 1347 1044 1383 ,
1084 1315 1232 1363 non
1269 1284 1592 1363 omnibus
1631 1281 1966 1357 oratoriis

452 1390 766 1465 numeri-s
801 1390 953 1464 sunt
976 1390 1340 1463 absolutae.

546 1492 697 1587 Ego
735 1507 977 1563 tamen
1010 1488 1165 1586 plus
1197 1486 1426 1562 adhue
1453 1481 1783 1583 quid'd'am
1824 1476 1982 1554 col-

317 1683 322 1686 Δ
444 1581 754 1675 laturum
825 1581 1430 1660 declamatori-bus·
1489 1598 1664 1677 puto
1701 1635 1725 1672 ,
1799 1598 1978 1675 quo-

447 1685 641 1759 niam
688 1687 793 1760 his
838 1681 1107 1758 necesse
1160 1681 1256 1753 est
1297 1677 1677 1751 secundnm
1727 1674 1972 1749 condi·

450 1781 724 1856 tionem
770 1777 1411 1857 controverfiarum
1461 1772 1694 1870 plures
1741 1770 1980 1845 subire

449 1879 839 1980 personas,
892 1893 1173 1976 patrum
1201 1929 1225 1965 ,
1286 1870 1593 1943 filiorum
1625 1921 1647 1961 ,
1691 1867 1984 1942 marito-

368 2068 371 2072 *
433 1990 612 2075 ,affum
634 2031 668 2070 ,
704 1976 1001 2050 militum
1030 2031 1064 2068 ,A
1102 1971 1527 2046 rusticorum.
1551 2024 1575 2061 ,
1623 1964 1923 2041 divitum
1952 2020 1978 2060 ‚

453 2098 845 2179 pauperum
894 2129 918 2167 ,
997 2068 1445 2147 irascentium
1492 2121 1517 2159 ,
1596 2065 1980 2163 deprecan-

455 2171 637 2245 tium
664 2228 687 2264 ,
732 2171 1007 2245 mitium
1033 2227 1058 2265 ,
1114 2169 1542 2266 asperorum.
1605 2163 1683 2237 fn
1727 2162 1980 2262 quibus

460 2271 790 2367 omnibus
823 2270 999 2344 mire
1047 2267 1427 2344 custoditur
1467 2263 1554 2337 ab
1595 2263 1737 2335 hoc
1768 2277 1983 2358 poeta

459 2369 824 2446 decorum.
878 2372 1113 2468 Atque
1160 2365 1277 2439 ille
1422 2363 1608 2435 idem
1653 2358 1981 2432 omnibus

463 2464 775 2564 eiusdem
808 2493 855 2540 o
909 2469 1044 2541 eris
1094 2463 1358 2539 aufto&
1410 2485 1492 2533 us
1546 2457 1834 2532 abstulit.
1863 2480 1986 2530 no-

466 2577 631 2641 'men
662 2623 685 2658 ,
705 2574 716 2583 “
735 2568 812 2640 &
875 2566 1115 2666 ulgore
1151 2562 1472 2662 quod'am.
1491 2558 1624 2630 suae
1650 2555 1985 2631 claritati—s

439 2665 801 2755 senebras
833 2663 1154 2735 obduxit.

476 2832 482 2841 ,
568 2760 912 2833 ΗΑΒΈΝΤ
945 2778 1188 2832 tamen·
1205 2755 1320 2829 alii
1347 2772 1634 2854 quoque
1661 2750 1991 2842 Comici,

470 2857 522 2953 fi
568 2880 729 2926 cum
780 2856 989 2931 venia
1039 2856 1416 2954 legantur,
1467 2847 1989 2958 quaedamhquae
2056 2862 2063 2869 “

473 2952 680 3054 poss'is
738 2953 1117 3051 decerpere
1162 2981 1178 3025 ε
1242 2953 1320 3025 &
1375 2949 1736 3048 praecipue:
1769 2944 1991 3047 Phsset·

475 3077 646 3125 mon
673 3107 697 3144 ,
748 3051 869 3151 qui
909 3069 985 3125 ut
1028 3050 1263 3150 pravis
1307 3050 1408 3122 sui
1443 3041 1780 3142 temporis
1822 3040 1998 3137 judi-

478 3150 603 3225 ciis
650 3151 1043 3227 Menandro
1104 3150 1281 3249 saepe
1325 3146 1647 3248 praelatus
1691 3139 1791 3220 est
1819 3195 1845 3238 ‚
1893 3138 1993 3215 ita
