2250 3761
432 149 574 228 218
746 148 976 220 Lm.
1059 140 1484 213 X.CAP.
1553 140 1611 211 1.
1730 179 1805 196 ἰ

516 267 699 343 Julio
749 260 1075 358 Secundo
1138 258 1188 331 fi
1227 259 1347 329 lon
1396 257 1511 331 ior
1549 257 1946 357 contigisset
1996 316 2003 320 .

409 384 584 443 ‚aetas
612 419 642 455 ,
663 359 1101 435 cla-riffimum
1130 284 1451 453 profecgte)
1482 351 1747 430 nomen
1773 383 1938 430 ora-

414 463 589 535 toris
639 459 834 556 apud‘
890 454 1210 554 posteros
1264 452 1480 529 foret.
1565 454 1948 550 Adjeciffet

411 561 603 635 enim
627 614 647 647 ‚
681 575 896 662 atque
929 551 1310 645 adjiciebat
1335 552 1611 625 caeteris
1655 553 1942 629 virtuti-

413 658 546 731 bus
584 656 722 728 suis
751 709 773 746 ,
808 653 1006 753 quod
1035 650 1409 725 defiderari
1434 650 1691 748 potest.
1746 652 1821 723 Id
1847 648 1946 726 est

412 772 654 830 autem
681 770 812 845 ‚ut
830 751 998 825 effet
1015 747 1244 823 multo
1279 749 1502 847 magis
1524 774 1798 848 pugnax
1818 804 1841 840 ‚
1865 751 1948 825 &

416 853 662 951 saepius
702 852 1073 929 adtcuram
1120 867 1364 920 rerum
1400 848 1488 919 ab
1536 845 1945 921 elocutione

413 952 815 1049 respiceret.
880 947 1249 1022 -Caeterum
1291 945 1741 1042 interceptus.
1765 968 1949 1041 quo—

407 1075 556 1150 que
585 1071 909 1147 magnum
935 1044 1068 1116 fibi
1097 1041 1406 1117 vindicat
1425 1044 1680 1115 locum.
1710 1044 1808 1113 Ea
1840 1041 1941 1117 est

409 1146 744 1224 facundia
777 1200 803 1238 ,
864 1160 1058 1217 tanta
1134 1141 1209 1214 in
1273 1138 1680 1237 explicando
1738 1138 1936 1234 quod

411 1248 645 1334 velit,
684 1242 908 1345 gratia
946 1270 965 1318 ε
999 1259 1146 1316 tam
1176 1238 1544 1314 candidum
1569 1292 1591 1329 ,
1621 1235 1878 1309 &lene
1905 1287 1930 1326 ,

413 1349 498 1420 ὅ(
515 1343 909 1444 speciosum
926 1338 1218 1414 dicendi
1246 1361 1467 1436 genus
1499 1364 1515 1409 ε
1554 1352 1746 1407 tanta
1768 1357 1942 1407 ver-

412 1446 670 1519 borum
699 1443 1107 1539 etiam-quae
1146 1436 1487 1533 affumpta
1533 1434 1685 1506 sunt
1710 1487 1730 1523 ,
1762 1454 1937 1528 pro-

412 1544 678 1642 prietas
715 1571 731 1615 :
762 1558 955 1613 tanta
997 1538 1070 1608 in
1104 1534 1516 1633 quibusdam
1557 1558 1645 1606 ex
1674 1527 1944 1628 pericu·

414 1644 489 1714 lo
510 1640 745 1738 petitis
783 1632 1258 1735 significantia.

514 1737 896 1810 Habebunt
929 1728 1224 1827 qurposs
1256 1749 1386 1797 nos
1415 1726 1504 1796 de
1532 1724 1942 1797 oratoribus

415 1834 723 1910 scribent
752 1883 777 1916 ,
809 1849 1132 1926 magna-m
1162 1821 1442 1920 eosqui
1471 1843 1657 1892 nunc
1698 1821 1946 1921 vigent

411 1932 780 2006 materiam
822 1927 996 2002 vere
1057 1921 1407 1996 laudandi.
1509 1919 1685 1991 Sunt
1753 1920 1944 2009 enim

413 2031 691 2110 summa
705 2025 917 2097 hodie
943 2080 964 2115 ,
991 2022 1244 2121 quibus
1271 2018 1649 2091 illustratur
1675 2018 1938 2107 forum,

413 2126 714 2224 ingenia.
774 2125 1105 2221 Namque
1156 2122 1235 2193 &
1288 2117 1750 2192 ‘consummati
1800 2113 1942 2208 jam

416 2223 702 2325 patroni
720 2222 1088 2297 „veteribus
1112 2216 1554 2305 aemulantur,
1576 2215 1653 2285 &
1681 2211 1943 2304 eos‘ju-

419 2348 690 2403 venum
716 2323 807 2395 ad
849 2319 1120 2418 optima
1150 2314 1586 2390 tendentium
1627 2311 1944 2383 imitatur
1990 2379 1997 2383 .

419 2451 512 2500 ac
536 2423 852 2522 sequitur
878 2415 1235 2490 industria.
1579 2472 1587 2479 .
1706 2487 1709 2490 ‚

456 2592 476 2611 ,,
510 2554 587 2616 4.
613 2523 1132 2611 „SUPERSUNT
1161 2568 1164 2572 ι
1196 2512 1341 2614 quir
1363 2509 1448 2582 de
1501 2501 1949 2601 Philosophia

423 2621 838 2718 scripserunt
870 2642 885 2686 ε
925 2639 1069 2712 quo
1097 2614 1172 2683 in
1194 2629 1466 2708 ³genere
1504 2603 1944 2702 paueiffimos

421 2720 657 2805 adhuc
679 2717 1097 2812 eloquentes
1128 2708 1348 2779 literae
1390 2705 1731 2775 Romanae
1759 2699 1946 2772 tule-

425 2822 615 2889 runt.
654 2813 846 2884 Idem
882 2807 1092 2904 igitur
1125 2807 1234 2875 M.
1267 2801 1541 2874 Tullius
1575 2854 1597 2889 ,
1630 2799 1749 2897 qui
1787 2797 1945 2868 ubi-

427 2937 606 3011 (με,
630 2909 842 2982 etiam
868 2905 1108 2976 in'hoc
1140 2926 1358 2999 opere
1392 2899 1702 2991 Platonis
1734 2916 1939 2965 aemu-

428 3014 537 3089 lus
575 3006 841 3083 extitit.
891 3000 1228 3114 Egregius
1274 2998 1457 3074 vero
1493 3052 1516 3087 ,
1571 2993 1938 3086 multoque

431 3112 645 3209 quam
675 3107 749 3182 in
801 3100 1237 3178 orationibus
1287 3092 1715 3199 praestantior
1772 3089 1944 3160 Bru2
2033 3136 2037 3139 -
