2250 3761
483 145 606 220 DE
661 161 907 219 COPIA
953 143 1463 218 VERBoRUM.
1620 169 1767 243 209

267 266 446 340 siret
486 263 823 348 familiare
877 284 1138 333 numen
1177 262 1520 336 Minervae
1554 263 1582 337 1·
1621 264 1765 336 Di-

259 381 424 438 cent
464 364 608 434 haec
649 360 920 459 plenius
961 357 1197 432 futura
1227 360 1493 433 saecula.
1553 360 1761 435 Nunc

257 462 446 534 enim
483 476 884 532 caeteranun
920 457 1197 556 fulgore
1237 458 1582 533 virtutum
1608 457 1758 531 laus

187 621 192 624 .
258 557 383 630 ista
419 555 913 655 perstringitur.
941 556 1093 628 Nos
1122 573 1360 629 tamen
1382 555 1571 629 sacra
1596 555 1758 638 lite-

262 667 498 727 rarum
518 654 832 728 colentes
862 651 1043 726 feras
1067 708 1090 743 ‚
1128 655 1396 744 Caesar,
1418 654 1466 724 fi
1487 679 1631 726 non
1656 670 1758 726 ta-

261 753 480 825 citum
523 754 661 827 hoc
702 752 1134 851 praeterimus
1168 807 1192 843 ‚
1254 753 1332 824 &
1365 751 1753 849 virgiliano

225 853 454 927 „certe
475 851 676 929 versu
705 851 1030 924 testamur
1053 903 1077 938 ‚

492 953 670 1022 Inter
716 951 986 1022 νίἑῖνὶεεε
1038 947 1316 1018 hederam
1368 949 1487 1019 tibi
1513 950 1749 1044 strpere
1824 968 1995 1034 Eclog.
2020 978 2072 1029 ge

612 1053 846 1119 lauroS.
1766 1050 1812 1085 ν·
1851 1050 1930 1092 ¹³·

371 1141 670 1215 ELEGIA
720 1145 1011 1217 Graecos
1109 1166 1345 1238 uoque
1393 1167 1751 1239 provoca-

257 1263 415 1311 mus
457 1266 479 1323 ;
539 1240 729 1332 cujus
769 1240 939 1309 mihi
970 1256 1077 1311 ter
1109 1262 1187 1307 us
1225 1257 1435 1333 atque
1470 1242 1747 1336 elegans

260 1332 562 1406 maxime
593 1335 870 1407 videtur
908 1335 1146 1405 ametor
1173 1332 1523 1409 Tibullus.
1577 1341 1749 1409 Sunt
1812 1373 1817 1374 f

267 1431 393 1529 qui
421 1431 862 1529 Propertium
897 1430 1165 1502 malint.
1219 1430 1523 1528 Ovidius
1560 1451 1751 1511 utro-

255 1554 396 1627 que
423 1527 791 1604 lascivior:
826 1528 994 1601 ficut
1023 1525 1267 1599 durior
1288 1526 1557 1602 Gallus.

336 1627 667 1708 SATYRA
702 1625 984 1724 quidem
1012 1641 1165 1697 tota
1203 1622 1433 1696 nostra
1471 1624 1619 1718 est3
1675 1627 1750 1700 in

258 1748 395 1822 qua
442 1724 702 1821 primus
749 1722 1078 1819 infignem
1131 1722 1408 1795 laudem
1458 1723 1748 1819 adeptus

217 1871 222 1875 -
257 1819 354 1893 est
396 1821 693 1895 Lucilius
722 1876 744 1913 ‚
791 1822 912 1920 qui
955 1820 1289 1918 quosdam
1334 1820 1433 1893 ita
1468 1820 1743 1896 deditos

251 1917 376 1990 fibi
404 1920 624 1993 adhuc
645 1920 856 1993 habet
877 1936 1229 1992 amatores
1251 1974 1273 2008 ,
1313 1937 1392 1991 ut
1422 1946 1743 2004 eumflnon

250 2014 560 2109 ejusdem
597 2018 810 2090 modo
857 2016 1090 2114 operis
1124 2017 1520 2091 austoribus
1552 2074 1574 2108 ‚
1622 2018 1738 2092 sed
1788 2018 1792 2023 ’

253 2113 577 2188 omnibus
603 2115 832 2212 poetis
866 2113 1192 2211 praeferre
1226 2141 1369 2188 non
1394 2115 1737 2203 dubitent.

247 2213 396 2308 Ego
426 2231 759 2311 quantum
789 2213 876 2285 ab
913 2214 1048 2285 illis
1075 2268 1097 2303 ,
1145 2230 1416 2286 tantum
1465 2215 1552 2284 ab
1586 2215 1739 2286 Ho-

249 2311 433 2382 ratio
459 2310 820 2401 diffenti0‚
855 2309 975 2407 qui
993 2309 1331 2382 Lucilium
1328 2311 1531 2406 fluere
1559 2318 1734 2381 lutu-
1808 2342 1913 2392 La„
1942 2362 1982 2400 1,
2002 2348 2098 2398 52.

257 2411 491 2476 lemum
519 2459 543 2491 ‚
575 2415 634 2480 δ’
663 2409 773 2509 effi
799 2411 1050 2502 aliquid
1081 2412 1254 2499 quod
1276 2412 1477 2476 tollere
1492 2407 1686 2500 poffi's
1711 2462 1735 2497 ‚
1757 2424 1850 2471 tys-
1874 2427 1927 2473 4·
1946 2430 1992 2465 v.
2015 2429 2031 2462 ¹
2051 2433 2095 2465 ι·

250 2518 475 2596 putat.
511 2505 690 2577 Nam
723 2510 798 2579 &
831 2504 1133 2577 eruditio
1165 2504 1236 2573 in
1274 2526 1365 2573 eo
1399 2502 1565 2573 mira
1589 2556 1611 2590 ‚
1657 2505 1734 2576 &

242 2597 565 2690 libertaS,
597 2620 803 2700 atque
827 2603 985 2678 inde
1014 2600 1351 2677 acerbitas
1372 2654 1396 2692 ,
1433 2601 1507 2672 &
1528 2600 1735 2682 abun-

246 2695 337 2769 de
367 2694 547 2767 salis.

339 2791 572 2863 Multo
623 2793 718 2864 est
765 2797 1056 2885 tersior,
1109 2819 1193 2866 ac
1245 2820 1459 2891 purus
1514 2798 1728 2895 magis

241 2888 579 2961 Horatius
620 2941 642 2976 ,
719 2892 794 2961 &
847 2894 932 2962 ad
980 2892 1321 2964 notandos
1369 2894 1730 2967 hominum

239 3009 473 3075 mores
500 2984 906 3083 praecipuus,
944 2989 1242 3059 Multum
1270 2993 1345 3062 ὅ(
1374 3017 1561 3063 verae
1594 2992 1734 3086 glo-

237 3082 394 3179 tiae,
423 3082 742 3186 quamvis
767 3107 911 3159 uno
928 3084 1149 3180 libro,
1175 3087 1434 3175 Perfius
1461 3086 1738 3163 meruit.
