2250 3761
542 202 679 278 ¹90
893 178 1115 247 L113.
1172 171 1271 247 X.
1329 176 1547 248 CAP.
1607 175 1657 246 1.

527 293 824 395 propriis
854 291 955 364 uti
988 290 1278 387 poffint‚
1324 291 1441 362 sed
1487 290 1746 387 depulsi
1782 291 1820 363 ὲ
1863 293 2060 364 refia'

526 393 648 468 via
677 447 699 483 ‚
746 387 1130 463 neceffario
1176 390 1263 460 ad
1310 390 1693 486 eloquendi
1730 392 2052 489 quaedam

524 485 941 562 diverticula
1012 485 1419 584 confugiant
1476 514 1497 574 ;
1566 512 1699 560 nec
1768 507 2050 562 mutare

523 587 842 685 quaedam
877 584 1095 657 modo
1132 585 1353 658 verba
1379 640 1405 678 ,
1453 584 1570 658 sed
1607 588 1989 659 extendere
2020 640 2046 677 ‚

521 683 884 782 corripere
899 738 923 774 ,
945 701 1375 757 convertere
1390 738 1414 775 ,
1442 682 1759 758 dividere
1792 709 2057 782 cogan-

521 797 681 856 tur:
718 806 847 853 nos
876 783 1056 854 vero
1084 799 1391 853 armatos
1413 781 1588 854 stare
1617 781 1690 853 in
1717 782 1864 857 acie
1892 835 1914 872 ‚
1959 783 2047 855 &

526 880 806 953 summis
825 880 911 952 de
934 880 1142 952 rebus
1162 880 1542 956 decernere
1559 930 1586 965 ,
1609 883 1687 956 &
1712 881 1799 953 ad
1822 879 2048 958 victo-

522 977 699 1051 riam
728 978 853 1049 niti
883 978 1111 1051 decet.

613 1076 866 1173 Neque
897 1099 1065 1174 ergo
1097 1099 1287 1149 arma
1313 1075 1627 1173 squalere
1650 1076 1778 1148 fitu
1806 1102 1887 1150 ac
1914 1102 2043 1158 ru-

516 1172 752 1271 bigine
789 1173 1058 1261 velim3
1101 1173 1219 1246 sed
1263 1173 1610 1272 fulgorem
1639 1174 1745 1247 his
1773 1173 1986 1246 inesse
2012 1228 2039 1265 ‚

569 1272 641 1342 ui
666 1291 929 1345 terreat
954 1326 975 1363 ‚
1015 1271 1238 1371 qualis
1274 1271 1369 1345 est
1405 1273 1619 1365 ferri,
1654 1296 1798 1371 quo
1834 1296 2037 1344 mens

514 1297 710 1443 amul
745 1369 1064 1468 visusque
1098 1369 1592 1469 perstringatur
1622 1396 1646 1457 ;
1687 1396 1829 1442 non
1860 1395 2034 1468 qua-

517 1468 601 1540 lis
638 1467 787 1541 auri
815 1467 1227 1568 argentique
1251 1524 1274 1561 ‚
1314 1468 1653 1561 imbellis,
1693 1471 1772 1542 &
1798 1468 2034 1567 potius

517 1566 804 1640 habenti
830 1566 1287 1662 periculosus·

610 1666 1018 1736 H1sToR1A
1064 1686 1354 1761 quoque
1394 1661 1585 1735 alere
1628 1664 2029 1739 orationem

513 1764 826 1860 quodam
873 1761 1068 1830 molli
1112 1758 1569 1855 jucundoque
1628 1761 1840 1833 succo
1900 1789 2035 1862 po-

508 1860 662 1934 test.
710 1857 975 1930 Verum
1004 1860 1082 1932 &
1113 1856 1257 1954 ipsa
1296 1855 1384 1927 fic
1420 1855 1516 1930 est
1545 1858 1842 1956 legenda
1873 1917 1896 1953 ,
1947 1880 2030 1935 ut

506 1958 802 2032 sciamus
839 1955 1206 2053 plerasque
1240 1953 1387 2049 ejus
1417 1955 1713 2030 virtutes
1755 1961 2030 2033 oratori

506 2056 644 2131 effe
672 2053 1011 2127 vitandas,
1048 2053 1163 2125 Est
1182 2054 1365 2127 enim
1391 2056 1714 2151 proxima
1744 2059 1977 2154 poetis
1999 2114 2027 2149 ,

507 2158 588 2230 δε
626 2151 1157 2252 quodammodo
1200 2176 1481 2226 carmen
1528 2153 1831 2227 solutum
1865 2184 1886 2229 ε
1941 2158 2028 2234 δε

503 2252 824 2325 scribitur
849 2251 935 2322 ad
961 2258 1376 2323 narrandum
1396 2306 1418 2342 ‚
1446 2275 1588 2324 non
1614 2253 1701 2324 ad
1722 2252 2026 2350 proban-

506 2352 673 2424 dum
699 2378 720 2437 ;
745 2348 1118 2448 totumque
1143 2374 1322 2447 opus
1349 2374 1494 2422 non
1515 2350 1603 2421 ad
1630 2353 1851 2423 actum
1868 2352 2026 2442 rei,

506 2449 949 2548 pugnamque
985 2448 1436 2546 praesentem,
1478 2449 1594 2521 sed
1635 2450 1719 2520 ad
1749 2474 2031 2521 memo-

506 2551 682 2622 riam
738 2546 1154 2645 posteritatis
1202 2599 1226 2632 ,
1301 2550 1379 2621 &
1435 2546 1694 2644 ingenii
1757 2543 2021 2621 famam

504 2644 977 2743 componitur.
1020 2643 1334 2742 Ideoqu‘e
1360 2646 1437 2716 &
1466 2643 1699 2716 verbis
1726 2644 2027 2719 liberio-

499 2742 690 2813 ribus
712 2796 734 2830 ‚
775 2746 851 2814 δι
889 2741 1388 2816 remotioribus
1419 2741 1655 2842 figuris
1683 2745 2019 2818 narrandi

497 2839 781 2913 taedium
809 2838 1058 2912 evitat.

133 2960 268 3013 Tm.
297 2979 334 3013 ι.
352 2976 468 3030 pag.
597 2940 842 3036 Itaque
866 2990 888 3026 ‚
925 2953 1003 3008 ut
1035 2934 1227 3027 dixi,
1263 2962 1492 3035 neque
1524 2937 1638 3010 illa
1670 2937 2025 3011 Sallustia-

127 3044 257 3093 247·
492 3062 585 3110 na
613 3037 926 3110 brevitas
949 3089 971 3124 ‚
1007 3034 1149 3131 quii
1175 3035 1345 3107 nihil
1374 3038 1557 3133 apud
1584 3061 1844 3111 vacuas
1879 3060 2020 3107 au·-

491 3159 606 3212 res
628 3152 843 3236 atque
862 3132 1167 3210 eruditas
1194 3132 1421 3237 potest
1444 3133 1581 3211 effe
1605 3134 2017 3236 perfestius,
