2250 3761
450 90 536 163 D
572 113 628 163 n(
677 89 1259 167 ‘sennenn
1290 113 1375 169 o.·
1517 97 1715 199 ”²39

181 205 633 308 {occupatoz
651 207 721 279 in
746 205 1023 278 nostem
1042 209 1391 281 neceffitas
1418 210 1587 307 agit.
1618 215 1735 285 Est

197 329 458 383 xamen
499 304 894 378 lucubratio
922 357 947 394 ‚
985 301 1266 400 quoties
1318 306 1403 375 ad
1441 330 1600 379 eam
1645 308 1743 378 in-

217 405 404 503 tegri
440 429 522 479 ac
578 402 812 477 refesti
846 399 1220 494 venimuS‚
1262 400 1602 499 optimum
1632 404 1745 479 se..

207 522 396 579 creti
433 525 680 602 genus,

237 664 244 671 .
319 603 452 674 Sed
477 598 817 672 silentium
840 652 863 691 ‚
899 599 976 672 &
1010 595 1313 672 secessus
1340 647 1367 683 ‚
1417 598 1496 672 &
1528 600 1724 673 undi-

208 723 356 798 que
388 699 572 773 liber
608 698 875 776 animus
913 752 938 789 ‚
971 714 1051 769 ut
1081 696 1236 769 sunt
1283 695 1586 769 maxime
1617 721 1745 795 op-

211 798 428 870 tanda
456 853 481 889 ‚
537 796 633 868 ita
664 821 808 869 non
840 794 1123 893 poss‘unt
1173 793 1447 891 semper
1462 794 1748 868 ,contin-

205 919 382 992 gere
428 921 446 966 ε
482 893 814 993 ideoque
868 890 1280 965 nonstatim
1312 892 1362 965 fi
1405 892 1572 992 quid
1613 894 1750 982 ob-

205 993 471 1088 -strepet
501 1046 524 1082 ‚
564 990 937 1084 abjiciendi
997 989 1283 1065 codices
1344 1008 1597 1083 erunt,
1661 993 1743 1065 &

216 1090 693 1188 deplorandus
724 1090 874 1162 dies
916 1116 934 1160 ε
980 1091 1231 1162 verum
1268 1090 1743 1184 incommodis

213 1187 748 1283 repugnandum
779 1238 802 1275 ,
835 1187 912 1255 &
967 1186 1082 1256 bic
1116 1185 1474 1259 faciendus
1520 1188 1678 1261 usus
1711 1244 1738 1281 ,

213 1301 303 1355 ut
344 1282 581 1353 omnia
602 1280 1179 1378 quat-impediunt
1201 1335 1224 1371 ‚
1255 1282 1495 1356 vincat
1520 1284 1747 1358 inten‘·

216 1381 377 1466 tio;
413 1403 624 1475 quam
655 1379 703 1449 fi
739 1395 891 1449 tota
923 1395 1156 1450 mente
1193 1377 1267 1448 in
1313 1403 1492 1476 opus
1518 1381 1742 1477 ipsum

221 1474 570 1560 direxeris
598 1530 622 1565 ,
660 1475 833 1548 nihil
860 1499 1105 1549 eorum
1246 1502 1308 1547 ae
1354 1477 1472 1551 vel
1516 1479 1745 1554 oculis

220 1572 656 1649 velantibus
696 1573 1088 1665 incursant,
1129 1600 1169 1646 a
1244 1574 1551 1648 animum
1591 1603 1746 1675 per.

220 1672 497 1750 veniet.
539 1675 646 1743 An
665 1672 844 1745 vero
861 1671 911 1742 fi
933 1670 1343 1769 frequenter
1367 1674 1578 1748 etiam
1601 1677 1742 1749 for-

220 1772 404 1844 tuita
440 1771 577 1844 hoc
626 1769 968 1869 cogitatio
992 1770 1312 1883 praestat,
1343 1788 1423 1845 ut
1474 1774 1736 1849 obvios
1795 1814 1799 1818 ·

220 1895 372 1943 non
408 1868 771 1945 videamus
800 1923 825 1960 ‚
876 1871 953 1943 &
989 1868 1239 1944 itinere
1276 1870 1670 1948 deerremus
1709 1903 1731 1949 ε

212 1993 369 2042 -non
424 1967 927 2066 consequemur
954 1967 1142 2044 idem
1185 1968 1234 2041 fi
1283 1972 1362 2045 &
1422 1973 1737 2050 volueri-2

218 2091 374 2140 mus
409 2068 439 2140 ἓ

317 2165 485 2237 Non
521 2164 616 2238 est
640 2165 1140 2266 indulgendum
1171 2165 1386 2239 caufis
1426 2167 1730 2244 defidiae.

222 2262 468 2335 Namfi
488 2287 629 2335 non
657 2263 779 2336 nifi
813 2263 1050 2338 refeffi
1074 2321 1097 2357 ‚
1123 2288 1272 2335 non
1291 2262 1414 2333 nifi
1433 2264 1684 2338 hilares
1712 2264 1771 2354 ‚'

225 2384 374 2430 non
402 2358 522 2429 nifi
556 2361 879 2434 omnibus
910 2362 1065 2434 aliis
1113 2358 1296 2433 curis
1340 2375 1678 2453 vacantes
1713 2412 1741 2449 ,

224 2455 659 2528 studendum*
694 2458 1317 2533 existimaverimus
1366 2508 1391 2545 ‚
1468 2454 1739 2553 semper

225 2552 369 2626 erit
430 2570 716 2649 propter
762 2557 954 2653 quod
1010 2555 1212 2628 nobis
1262 2551 1740 2653 ignoscamus.

227 2652 479 2744 Quare
531 2651 601 2721 in
647 2652 901 2745 turba,
956 2653 1206 2726 itinere
1233 2704 1259 2738 ‚
1299 2652 1651 2727 conviviis
1707 2710 1734 2747 ,

114 2755 118 2759 ’
224 2748 351 2823 vel
378 2747 721 2822 concione
758 2751 967 2824 etiam
999 2751 1205 2826 faciat
1231 2750 1354 2823 fibi
1390 2751 1731 2851 cogitatio

224 2845 366 2943 ipsa
414 2843 784 2920 secretum.
847 2847 1041 2940 Quid
1074 2848 1343 2947 alioqui
1378 2847 1499 2922 fiet
1520 2905 1543 2941 ‚
1573 2853 1733 2923 cum

224 2943 297 3013 in
344 2942 582 3017 medio
614 2944 777 3017 foro
816 3003 834 3029 ,
877 2960 989 3015 tot
1020 2945 1585 3019 circunstantibus
1625 2945 1734 3037 ju-

226 3039 421 3116 diciis
440 3096 463 3135 ‚
493 3041 739 3145 jurgiis
768 3100 794 3139 ‚
835 3041 1145 3118 fortuitis
1176 3045 1384 3119 etiam
1411 3039 1733 3127 clamori-3
