2250 3761
519 191 660 259 310
829 164 1038 237 L113.
1098 156 1248 233 XI.
1305 155 1534 227 cn.
1597 150 1707 224 ΙΙ.

511 285 679 357 Inde
727 281 994 354 interru
1048 292 1160 347 tus
1201 269 1493 344 astionis
1542 267 1851 365 impetus
1882 322 1911 360 ,
1972 270 2075 347 δε

511 380 821 456 refistens
857 401 940 449 ac
971 301 1320 446 [glebrosa
1348 364 1578 438 oratio
1602 421 1625 457 ‚
1662 368 1741 439 &
1772 366 1898 464 qui
1938 367 2063 459 di..

431 560 434 561 γ
510 479 607 555 cit
634 471 968 557 ediscenti
984 470 1212 542 fimilis
1237 522 1261 558 ‚
1294 464 1509 539 etiam
1525 487 1818 536 omnem
1850 463 2056 556 bene

508 576 923 673 scriptorum
950 568 1243 666 gratiam
1260 562 1488 660 perdit
1516 561 1636 634 vel
1656 561 1798 632 hoc
1828 560 1996 658 ipso
2019 616 2050 653 ,

510 672 708 772 quod
747 665 1063 766 scripfiffe
1103 664 1185 741 se]
1214 659 1618 735 confitetur.
1672 659 2054 732 Memoria.
2122 652 2131 659 ’

509 788 749 844 autem
780 767 949 844 facit
990 763 1206 838 etiam
1249 755 1563 856 prompti
1610 756 1869 854 ingenii
1906 757 2043 831 fa..

508 892 694 942 marn
719 920 742 957 ‚
785 884 863 938 ut
901 861 1021 935 illa
1065 884 1223 959 quae
1251 855 1544 929 dicimus
1566 907 1590 944 ,
1627 880 1769 927 non
1799 855 2041 927 domo

506 963 805 1038 attuliss'e
830 1017 855 1055 ,
896 959 1013 1032 sed
1041 957 1144 1029 ibi
1185 954 1503 1052 protinus
1538 951 1868 1047 sumpfiffe
1907 952 2041 1026 vi..

507 1063 798 1137 deamur
828 1087 846 1132 ε
886 1057 1080 1155 quod
1114 1057 1192 1127 &
1226 1048 1495 1124 oratori
1529 1052 1608 1123 δι
1643 1048 1759 1145 ipfi
1793 1049 2031 1121 causae

506 1160 879 1258 plurimum
899 1151 1197 1226 confert.
1237 1153 1426 1222 Nam
1457 1150 1534 1220 δι
1564 1145 1783 1242 magis
1807 1146 2029 1218 mira-

508 1274 627 1330 tur
651 1312 674 1348 ‚
710 1258 789 1328 &
810 1253 1033 1327 minus
1052 1250 1255 1321 timet
1273 1245 1388 1340 jud
1398 1270 1487 1317 ex
1504 1300 1527 1336 ‚
1556 1269 1713 1341 quae
1732 1267 1878 1314 non
1899 1269 2027 1340 pu-

507 1371 614 1428 tat
640 1352 976 1429 adversus
997 1348 1067 1421 se
1099 1351 1509 1443 praeparata.
1546 1343 1764 1438 quue
1793 1340 1866 1412 in
1898 1366 2022 1415 ac-

506 1452 817 1525 tionibus
844 1450 1025 1521 inter
1057 1443 1399 1543 praecipua
1426 1440 1846 1535 servandum
1877 1439 1975 1510 est
1994 1460 2045 1531 ,·

505 1566 588 1623 ut
618 1550 935 1648 quaedam
974 1544 1231 1633 etiam,
1279 1564 1433 1638 quae
1471 1536 1739 1635 optime
1781 1537 2025 1611 vinxi-

505 1672 663 1722 mus
681 1706 704 1738 ‚
738 1645 939 1720 velut
958 1641 1182 1714 soluta
1199 1636 1685 1712 enuntiemus:
1716 1637 1793 1709 &
1821 1635 2024 1732 cogi-

506 1745 819 1818 tantibus
848 1760 1346 1836 nonnunquam
1369 1789 1392 1826 ‚
1426 1737 1502 1807 &
1527 1732 2043 1807 dubitantibus·

505 1844 757 1915 fimiles
804 1862 1111 1941 quaerere
1154 1835 1520 1910 videamur
1568 1857 1724 1931 quae
1775 1829 2045 1904 attuli--

502 1967 687 2109 ξαρ.
732 1943 917 2037 Ergo
942 1934 1115 2036 quid
1137 1933 1216 2006 fit
1234 1931 1578 2030 optimum
1599 1987 1625 2025 ,
1663 1929 2023 2003 neminem

627 2056 702 2111 1t.

580 2064 673 2208 gSi
717 2130 897 2206 vero
944 2146 1063 2202 aut
1107 2126 1452 2202 memoria
1485 2122 1724 2197 natura
1757 2120 2014 2195 durior

501 2234 642 2307 erit
676 2287 701 2325 ,
760 2245 882 2302 aut
942 2252 1088 2299 non
1147 2225 1615 2325 suffragabitur
1657 2237 1940 2317 tempus
1976 2273 2011 2311 ,

500 2337 721 2404 etiam
738 2327 983 2400 inutile
1008 2325 1143 2399 erit
1166 2325 1253 2397 ad
1277 2323 1512 2396 omnia
1532 2320 1599 2394 se
1615 2318 1835 2394 verba
1854 2315 2018 2390 alli-

500 2453 666 2527 gare
688 2483 711 2520 ‚
751 2427 909 2499 cum
939 2421 1215 2499 oblivio
1241 2421 1446 2495 unius
1475 2442 1726 2494 eorum
1749 2414 2020 2511 cujussi-

503 2529 626 2600 bet
650 2582 674 2617 ‚
719 2541 838 2599 aut
870 2521 1262 2597 deformem
1292 2517 1838 2605 haesitationem,
1885 2528 2022 2587 aut·

403 2688 420 2692 ,
501 2625 717 2696 etiam
785 2618 1129 2692 filentium
1216 2617 1527 2689 inducat.
1618 2611 2033 2709 Tutiusque‘

500 2720 726 2791 multo
742 2772 764 2806 ‚
790 2714 1299 2811 comprehenfis
1322 2713 1558 2786 animo
1582 2710 1792 2784 rebus
1811 2708 1967 2807 ipfis
1984 2761 2009 2800 ‚

499 2815 895 2887 libertatern
950 2812 1070 2882 fibi
1143 2810 1519 2923 eloquendi
1582 2806 2029 2905 relinquere.·

499 2914 688 2987 Nam
720 2909 1084 2986 &invitus
1114 2911 1346 3006 perdu
1383 2906 1674 3007 quisque
1709 2905 1782 2976 id
1815 2903 2013 3001 quod

502 3012 813 3109 elegerat
867 3007 1168 3082 verbum
1201 3060 1224 3098 ‚
1285 3030 1418 3078 nec
1475 3002 1680 3077 facile²
1726 3001 2017 3099 reponit

502 3108 693 3186 aliud
712 3163 739 3203 ‚
770 3108 935 3181 dum
956 3104 1029 3178 id
1058 3106 1254 3205 quod
1284 3102 1686 3201 scripserat,
1735 3098 2014 3198 quaerit.
