2250 3761
516 174 748 250 -DE-
810 165 1266 247 Tnorr'sl
1613 169 1715 274 89

190 278 454 372 Tubero
488 329 513 370 ,
567 270 870 383 dfstriffus
912 275 986 344 in
1026 273 1156 342 acie
1185 266 1563 362 Pharsalica
1575 278 1718 369 gla-

192 387 348 455 dius
392 377 621 476 agzbat
643 379 683 446 ἓ
717 375 906 466 cujus
953 377 1125 443 latus
1166 370 1273 438 ille
1305 384 1715 464 mucropm.

197 485 308 551 bat
332 483 374 550 ?
428 475 546 571 qui
570 476 805 569 fiasus
857 494 994 542 erat
1026 492 1346 541 armorum
1387 490 1638 541 tuorum
1665 473 1707 541 ἓ

197 575 635 674 Duplicatur
693 568 975 645 interim
1035 565 1187 640 haec
1230 563 1460 642 virtus
1528 566 1718 666 apud

200 672 586 774 Virgilium
615 697 638 744 ε

512 769 895 865 Εεννάηιᾳιιε
937 793 1183 841 armare
1227 776 1490 839 ventum
1741 765 1936 831 9·AEn·
1960 774 2090 835 7736

199 871 391 943 Nam
412 870 492 944 &
514 891 821 946 veneno
866 890 1141 940 armare
1164 919 1192 960 ,
1218 867 1298 941 &
1326 863 1586 936 ferrum
1606 882 1715 935 ar-

166 974 169 977 “
197 992 399 1047 mare
433 1024 459 1062 ,
482 965 845 1040 transsatio
900 963 1022 1039 est.
1050 1017 1071 1039 .
1335 1020 1342 1023 ,

293 1070 404 1141 Ut
427 1067 752 1140 modicus
778 1080 1013 1138 autem
1047 1077 1258 1162 atque
1277 1074 1715 1160 opportunus

204 1165 362 1260 ejus
417 1164 580 1239 usus
629 1162 917 1236 illustrat
974 1162 1371 1236 orationem
1397 1187 1414 1233 z
1439 1159 1540 1232 ita
1567 1156 1716 1228 fre·

200 1286 435 1360 quens
466 1264 547 1334 &
587 1259 913 1333 obscurat
937 1314 963 1350 ‚
989 1263 1066 1333 &
1091 1259 1303 1331 taedio
1336 1256 1646 1352 complet
1686 1279 1712 1343 ;

205 1359 587 1434 continuus
617 1357 894 1434 veroin
933 1354 1344 1454 allegoriam
1382 1354 1460 1424 δι
1505 1350 1715 1446 aenig-

201 1454 412 1532 'mata
438 1456 605 1529 exit.
649 1458 817 1529 Sunt
842 1454 1162 1555 quaedam
1187 1450 1397 1524 etiam
1419 1447 1715 1521 humiles

201 1551 697 1629 transsationes
726 1583 744 1629 ε
773 1572 854 1628 ut
881 1554 952 1626 id
976 1553 1065 1625 de
1107 1573 1252 1648 quo
1272 1547 1490 1622 modo
1516 1544 1654 1617 dixi
1692 1571 1709 1617 ε

201 1660 431 1727 Saxea
460 1656 547 1754 est
567 1681 844 1726 verruca.
884 1655 970 1723 Et
985 1648 1307 1722 sordidae.
1334 1646 1502 1716 Non
1530 1644 1716 1714 enim
1780 1660 1826 1708 3·
1850 1641 2081 1756 ᾰεᾶθνατ·

202 1751 251 1822 si
294 1752 555 1827 Cicero
593 1752 772 1825 reffe
810 1754 1141 1822 Sentinam
1187 1747 1568 1838 Reipublicae
1604 1740 1717 1812 di·
1743 1717 1863 1769 '⁶³‘
1980 1714 2081 1767 ²⁶⁴⁹

204 1849 315 1922 xit
353 1905 377 1939 ‚
430 1850 823 1923 foeditatem
874 1846 1236 1921 hominum
1286 1839 1712 1941 fignificans,:

209 1945 480 2020 idcirco
535 1950 830 2045 probem
899 1946 1070 2017 illud
1110 1966 1397 2041 quoque
1440 1938 1710 2015 veteris

208 2046 564 2120 oratoris:
596 2046 957 2144 Persiscuisti
1003 2045 1386 2135 'Reipublicae
1403 2043 1714 2113 vomicas.

202 2143 636 2245 Optime'que
680 2144 945 2219 Cicero
982 2138 1409 2215 demonstrat
1449 2161 1714 2212 caven-

199 2242 367 2315 dum
392 2300 415 2336 ,
444 2269 536 2317 ne
560 2243 643 2317 fit
671 2240 1004 2316 deformis
1045 2236 1405 2311 transsatio
1435 2237 1454 2308 ἑ
1484 2234 1714 2333 qualis

198 2341 622 2432 est,Stercus
676 2345 861 2414 curiae
915 2342 1281 2412 Glauciam.
1329 2335 1442 2407 Ne
1486 2331 1712 2404 nimio

197 2439 435 2531 major
459 2495 483 2531 ,
496 2460 617 2512 aut
632 2494 655 2530 ‚
677 2439 865 2539 quod
885 2436 1132 2535 saepius
1150 2431 1400 2508 accidit
1415 2484 1436 2519 ,
1455 2429 1707 2514 minor:

196 2560 299 2609 ne
324 2535 689 2610 diffimnis.
715 2541 1038 2630 Quorum
1072 2528 1393 2626 exempla
1421 2525 1709 2596 nimiitm

195 2634 623 2731 frequenter
681 2633 1151 2735 deprehendet
1192 2684 1216 2721 ,
1276 2624 1399 2723 qui
1476 2620 1706 2697 scierit

192 2732 355 2805 haec
402 2730 576 2806 vitia
631 2734 787 2810 effe.
842 2734 979 2807 Sed
1022 2733 1101 2806 &
1155 2724 1361 2824 copia
1404 2743 1707 2821 =quoque

194 2830 494 2903 modum
537 2832 794 2930 egrefl‘a
818 2827 1067 2906 vitiosa
1102 2827 1242 2919 est,
1267 2820 1610 2922 praecipue
1633 2819 1709 2891 in

197 2928 448 3002 eadem
508 2928 766 3028 specie.
808 2932 982 3003 Sunt
1027 2929 1105 3001 &
1153 2921 1479 3014 durae‚id
1520 2919 1615 2992 est
1663 2916 1707 2988 ὲ

192 3021 574 3129 longinqua
595 3027 1041 3105 (imilitudine
1075 3024 1291 3098 dussae
1319 3048 1336 3093 t
1364 3036 1445 3092 ut
1480 3071 1505 3107 ‚
1689 3098 1700 3108 ,
1800 3047 1926 3100 Hor.
1953 3052 1993 3100 ι.
2014 3058 2075 3119 44

888 3129 1134 3223 Capitis
1169 3125 1370 3199 nives.
1418 3116 1508 3188 Et
1543 3161 1574 3201 ,
1738 3112 1838 3165 Od·
1881 3130 1966 3178 ¹3⁶.
