2250 3761
439 149 570 222 DE
622 160 877 223 com
927 145 1447 225 venzonum·
1600 151 1739 254 189·

199 265 403 368 libs)
458 292 542 342 ac
589 265 661 339 se
705 261 981 337 abunde
1027 262 1276 338 fimiles
1322 282 1576 363 putent
1605 322 1633 362 ,
1677 268 1731 343 fi

200 366 387 445 vitia
411 390 525 439 ma
575 386 830 436 norum
861 360 1394 459 consequantur.

299 389 620 537 Modefie
651 479 889 535 tamen
910 461 988 534 &
1013 459 1514 560 circumspecto
1535 458 1728 558 judi-

201 562 318 640 cio
352 563 442 637 de
483 560 698 633 tantis
733 557 910 633 viris
942 557 1536 655 pronuntiandum
1577 561 1720 655 est,

204 686 296 735 ne
340 660 593 760 (quod
639 656 989 756 plerisque
1039 654 1345 751 accidit)
1392 659 1723 735 damnent

206 784 362 858 quae
392 783 539 832 non
567 756 985 855 intelligunt.
1023 759 1129 830 Ac
1151 754 1198 826 fi
1229 755 1502 830 neceffe
1530 755 1724 832 estin

207 858 612 932 alterutram
652 878 892 929 errare
933 869 1210 952 partem
1242 909 1268 946 ‚
1326 854 1560 928 omnia
1597 879 1721 929 eo-

207 980 364 1032 rum
408 952 799 1055 legentibus
843 950 1133 1051 placere
1158 1004 1185 1045 ‚
1240 951 1452 1051 qusstm
1502 954 1724 1031 multa

206 1053 568 1151 displicere
598 1049 996 1125 maluerim.
1389 1093 1395 1104 -

304 1154 444 1226 III.
488 1149 998 1224 PLURIMUM
1044 1145 1217 1223 dicit
1248 1148 1516 1224 oratori
1547 1174 1725 1227 con-

205 1248 395 1325 ferre
405 1248 924 1357 Theophrastus
941 1246 1309 1321 lectionem
1324 1265 1719 1346 poetarum:

207 1347 558 1445 multique
584 1371 733 1442 ejus
758 1345 1087 1440 judicium
1120 1343 1497 1444 sequuntur
1520 1402 1545 1439 ‚
1593 1373 1722 1422 ne-

207 1470 359 1545 que
386 1445 458 1518 id
485 1443 861 1519 immeritb.
909 1444 1238 1541 Namque
1267 1442 1355 1515 ab
1394 1444 1504 1518 his
1541 1449 1619 1522 &
1650 1448 1724 1519 in

205 1545 425 1619 rebus
446 1542 717 1641 spiritus
744 1597 767 1633 ‚
805 1546 881 1618 &
911 1541 983 1614 in
1014 1539 1254 1617 verbis
1292 1540 1673 1618 sublimitas
1698 1598 1726 1637 ,

208 1643 289 1716 δι
314 1642 386 1715 in
407 1641 763 1718 affectibus
784 1657 1018 1715 motus
1038 1639 1270 1713 omnis
1292 1695 1316 1732 ,
1357 1643 1435 1716 &
1461 1642 1534 1714 in
1561 1669 1726 1740 per-

207 1741 392 1815 sonis
417 1742 640 1817 decor
665 1742 928 1838 petitur
949 1793 975 1831 ,
1004 1738 1496 1837 praecipueque
1526 1741 1724 1815 velut

204 1839 446 1914 attrita
473 1839 881 1941 quotidiano
922 1837 1080 1911 astu
1108 1835 1361 1911 forensi
1394 1839 1668 1939 ingenia
1693 1895 1725 1934 ,

204 1938 478 2037 optime
499 1964 735 2012 rerum
759 1936 1009 2012 talium
1033 1934 1371 2009 blanditia
1389 1963 1719 2037 reparan-

202 2053 345 2110 tur.
398 2037 715 2137 Idedque
739 2036 813 2108 in
834 2036 967 2111 hac
985 2034 1283 2112 lcffione
1320 2036 1579 2114 Cicero
1601 2064 1719 2115 re·
1780 2097 1833 2131 2,
1854 2080 2083 2133 dmm·

203 2134 699 2234 quiescendum
724 2149 955 2234 putat.
1732 2163 1781 2257 '2²1'
1813 2164 1889 2257 'Z'
1922 2121 2079 2212 spa?

296 2235 823 2310 Meminerimus
864 2250 1105 2307 tamen
1142 2257 1289 2307 non
1320 2257 1448 2333 per
1476 2234 1716 2310 omnia
1780 2228 1833 2260 '⁶
1869 2230 1943 2263 '²¹‘
1967 2220 2019 2263 ⁶⁸

198 2350 447 2433 poetas
464 2333 602 2409 effe
621 2329 894 2407 oratori
909 2330 979 2406 se
1122 2331 1300 2405 ndos
1319 2387 1345 2426 ,
1362 2355 1494 2406 nec
1507 2327 1716 2406 liber-

197 2448 352 2505 tate
374 2432 758 2506 verborum
779 2478 805 2523 ‚
835 2454 968 2505 nec
1020 2430 1275 2508 mentia
1297 2428 1671 2530 figurarum
1688 2461 1710 2506 ε

196 2527 579 2628 tott'tmque
615 2529 785 2602 illud
815 2526 1196 2602 studiorum
1230 2552 1448 2628 genus
1481 2528 1711 2602 osten-

193 2627 460 2703 tationi
484 2642 960 2728 comparatum
976 2680 1004 2721 ,
1029 2642 1282 2727 praeter
1295 2625 1369 2699 id
1393 2624 1584 2726 quod
1606 2626 1708 2703 so·

189 2730 341 2801 lam
367 2726 549 2824 petit
590 2726 1070 2825 voluptatem,
1102 2724 1401 2824 eamque
1439 2724 1707 2825 fingen-

133 2874 144 2877 ι
191 2827 293 2901 do
313 2850 461 2899 non
497 2824 663 2899 falsa
687 2824 904 2900 modb
929 2879 955 2918 ,
999 2823 1118 2899 sed
1147 2822 1365 2899 etiam
1383 2826 1705 2937 quaedam

188 2923 626 3001 incredibilia
646 2980 672 3019 ,
709 2923 1008 2999 sectatur
1027 2975 1053 3013 ‚
1089 2925 1487 3019 patrocimo
1524 2951 1707 3025 quo-

190 3046 332 3119 que
353 3024 591 3124 aliquo
615 3021 851 3120 juvari
876 3048 894 3094 ε
931 3019 1127 3120 qubd
1147 3018 1406 3120 alligati
1429 3024 1518 3096 ad
1548 3047 1709 3097 cer·-

190 3135 340 3195 tam
372 3124 632 3220 pedum
670 3117 1146 3198 neceffitatem
1168 3171 1195 3212 ‚
1243 3144 1390 3196 non
1434 3118 1706 3218 semper
