<?xml version="1.0" encoding="UTF-8"?>
<!DOCTYPE html PUBLIC "-//W3C//DTD XHTML 1.0 Transitional//EN"
    "http://www.w3.org/TR/xhtml1/DTD/xhtml1-transitional.dtd">
<html xmlns="http://www.w3.org/1999/xhtml" xml:lang="en" lang="en">
 <head>
  <title>
</title>
<meta http-equiv="Content-Type" content="text/html;charset=utf-8" />
  <meta name='ocr-system' content='tesseract 3.04.00' />
  <meta name='ocr-capabilities' content='ocr_page ocr_carea ocr_par ocr_line ocrx_word'/>
</head>
<body>
  <div class='ocr_page' id='page_1' title='image "./marcifabiiquint00quingoog_0373.png"; bbox 0 0 2250 3761; ppageno 0'>
   <div class='ocr_carea' id='block_1_1' title="bbox 119 59 1720 188">
    <p class='ocr_par' dir='ltr' id='par_1_1' title="bbox 119 59 1720 188">
     <span class='ocr_line' id='line_1_1' title="bbox 119 59 1720 188; baseline 0.004 -25"><span class='ocrx_word' id='word_1_1' title='bbox 119 87 125 98; x_wconf 83' lang='grc'><strong>’</strong></span> <span class='ocrx_word' id='word_1_2' title='bbox 221 68 230 77; x_wconf 62' lang='grc'><strong>’</strong></span> <span class='ocrx_word' id='word_1_3' title='bbox 280 92 643 164; x_wconf 57' lang='lat' dir='ltr'><strong>Ormi-ron</strong></span> <span class='ocrx_word' id='word_1_4' title='bbox 680 107 853 162; x_wconf 68' lang='lat' dir='ltr'><strong>Non</strong></span> <span class='ocrx_word' id='word_1_5' title='bbox 879 59 1035 160; x_wconf 51' lang='grc'><strong>141151</strong></span> <span class='ocrx_word' id='word_1_6' title='bbox 1063 109 1210 162; x_wconf 76' lang='lat' dir='ltr'><strong>vm</strong></span> <span class='ocrx_word' id='word_1_7' title='bbox 1236 109 1526 167; x_wconf 61' lang='lat' dir='ltr'><strong>nouus.</strong></span> <span class='ocrx_word' id='word_1_8' title='bbox 1579 104 1720 188; x_wconf 78' lang='lat'><strong>367</strong></span> 
     </span>
    </p>
   </div>
   <div class='ocr_carea' id='block_1_2' title="bbox 161 206 1754 3055">
    <p class='ocr_par' dir='ltr' id='par_1_2' title="bbox 161 206 1754 3055">
     <span class='ocr_line' id='line_1_2' title="bbox 225 206 1736 305; baseline -0.001 -23"><span class='ocrx_word' id='word_1_9' title='bbox 225 209 432 282; x_wconf 88' lang='lat' dir='ltr'><strong>fuerit</strong></span> <span class='ocrx_word' id='word_1_10' title='bbox 471 207 847 305; x_wconf 82' lang='lat' dir='ltr'><strong>eloquendi</strong></span> <span class='ocrx_word' id='word_1_11' title='bbox 867 266 868 269; x_wconf 63' lang='lat'>,</span> <span class='ocrx_word' id='word_1_12' title='bbox 890 206 1180 281; x_wconf 85' lang='lat' dir='ltr'>facultas</span> <span class='ocrx_word' id='word_1_13' title='bbox 1210 265 1233 300; x_wconf 90' lang='lat'>‚</span> <span class='ocrx_word' id='word_1_14' title='bbox 1261 225 1340 280; x_wconf 89' lang='lat' dir='ltr'><strong>ut</strong></span> <span class='ocrx_word' id='word_1_15' title='bbox 1386 235 1534 282; x_wconf 85' lang='lat' dir='ltr'><strong>non</strong></span> <span class='ocrx_word' id='word_1_16' title='bbox 1563 210 1736 280; x_wconf 84' lang='lat' dir='ltr'><strong>titu-</strong></span> 
     </span>
     <span class='ocr_line' id='line_1_3' title="bbox 231 305 1752 404; baseline -0.002 -23"><span class='ocrx_word' id='word_1_17' title='bbox 231 308 353 381; x_wconf 87' lang='lat' dir='ltr'><strong>bet</strong></span> <span class='ocrx_word' id='word_1_18' title='bbox 399 332 481 381; x_wconf 88' lang='lat' dir='ltr'><strong>ac</strong></span> <span class='ocrx_word' id='word_1_19' title='bbox 514 307 767 380; x_wconf 76' lang='lat' dir='ltr'><strong>haereat</strong></span> <span class='ocrx_word' id='word_1_20' title='bbox 806 305 1086 404; x_wconf 83' lang='lat' dir='ltr'><strong>quoties</strong></span> <span class='ocrx_word' id='word_1_21' title='bbox 1115 305 1204 378; x_wconf 90' lang='lat' dir='ltr'><strong>ab</strong></span> <span class='ocrx_word' id='word_1_22' title='bbox 1242 307 1481 378; x_wconf 89' lang='lat' dir='ltr'><strong>animo</strong></span> <span class='ocrx_word' id='word_1_23' title='bbox 1525 307 1752 379; x_wconf 88' lang='lat' dir='ltr'><strong>verba</strong></span> 
     </span>
     <span class='ocr_line' id='line_1_4' title="bbox 232 403 1752 478; baseline 0 -2"><span class='ocrx_word' id='word_1_24' title='bbox 232 404 648 477; x_wconf 84' lang='lat' dir='ltr'><strong>diffentiunt.</strong></span> <span class='ocrx_word' id='word_1_25' title='bbox 695 405 821 476; x_wconf 88' lang='lat' dir='ltr'><strong>Vir</strong></span> <span class='ocrx_word' id='word_1_26' title='bbox 874 420 1115 477; x_wconf 87' lang='lat' dir='ltr'><strong>autem</strong></span> <span class='ocrx_word' id='word_1_27' title='bbox 1161 404 1379 478; x_wconf 86' lang='lat' dir='ltr'><strong>malus</strong></span> <span class='ocrx_word' id='word_1_28' title='bbox 1414 403 1609 476; x_wconf 86' lang='lat' dir='ltr'><strong>aliud</strong></span> <span class='ocrx_word' id='word_1_29' title='bbox 1641 403 1752 476; x_wconf 86' lang='lat' dir='ltr'><strong>di-</strong></span> 
     </span>
     <span class='ocr_line' id='line_1_5' title="bbox 228 500 1754 601; baseline -0.005 -22"><span class='ocrx_word' id='word_1_30' title='bbox 228 521 342 579; x_wconf 83' lang='lat' dir='ltr'><strong>cat</strong></span> <span class='ocrx_word' id='word_1_31' title='bbox 364 503 632 578; x_wconf 84' lang='lat' dir='ltr'><strong>neceffe</strong></span> <span class='ocrx_word' id='word_1_32' title='bbox 667 501 764 575; x_wconf 89' lang='lat' dir='ltr'><strong>est</strong></span> <span class='ocrx_word' id='word_1_33' title='bbox 790 503 998 601; x_wconf 67' lang='lat' dir='ltr'><strong>quam</strong></span> <span class='ocrx_word' id='word_1_34' title='bbox 1020 500 1294 574; x_wconf 86' lang='lat' dir='ltr'><strong>sentiat.</strong></span> <span class='ocrx_word' id='word_1_35' title='bbox 1315 505 1550 575; x_wconf 89' lang='lat' dir='ltr'><strong>Bonos</strong></span> <span class='ocrx_word' id='word_1_36' title='bbox 1576 526 1754 573; x_wconf 89' lang='lat' dir='ltr'><strong>nun-</strong></span> 
     </span>
     <span class='ocr_line' id='line_1_6' title="bbox 230 599 1754 700; baseline -0.003 -26"><span class='ocrx_word' id='word_1_37' title='bbox 230 610 436 700; x_wconf 83' lang='lat' dir='ltr'><strong>quam</strong></span> <span class='ocrx_word' id='word_1_38' title='bbox 499 599 825 674; x_wconf 84' lang='lat' dir='ltr'><strong>honestus</strong></span> <span class='ocrx_word' id='word_1_39' title='bbox 884 599 1115 672; x_wconf 87' lang='lat' dir='ltr'><strong>sermo</strong></span> <span class='ocrx_word' id='word_1_40' title='bbox 1170 599 1453 675; x_wconf 87' lang='lat' dir='ltr'>deficiet</span> <span class='ocrx_word' id='word_1_41' title='bbox 1494 656 1517 690; x_wconf 87' lang='lat'><strong>,</strong></span> <span class='ocrx_word' id='word_1_42' title='bbox 1573 625 1754 671; x_wconf 88' lang='lat' dir='ltr'><strong>nun-</strong></span> 
     </span>
     <span class='ocr_line' id='line_1_7' title="bbox 203 696 1750 799; baseline 0.001 -27"><span class='ocrx_word' id='word_1_43' title='bbox 203 724 436 797; x_wconf 88' lang='lat' dir='ltr'><strong>·quam</strong></span> <span class='ocrx_word' id='word_1_44' title='bbox 494 724 723 772; x_wconf 87' lang='lat' dir='ltr'><strong>rerum</strong></span> <span class='ocrx_word' id='word_1_45' title='bbox 786 696 1213 796; x_wconf 86' lang='lat' dir='ltr'><strong>optimarum</strong></span> <span class='ocrx_word' id='word_1_46' title='bbox 1263 700 1304 799; x_wconf 90' lang='grc'>(</span> <span class='ocrx_word' id='word_1_47' title='bbox 1339 725 1500 772; x_wconf 87' lang='lat' dir='ltr'><strong>nam</strong></span> <span class='ocrx_word' id='word_1_48' title='bbox 1533 697 1750 773; x_wconf 89' lang='lat' dir='ltr'><strong>iidem</strong></span> 
     </span>
     <span class='ocr_line' id='line_1_8' title="bbox 225 797 1745 898; baseline -0.001 -27"><span class='ocrx_word' id='word_1_49' title='bbox 225 799 444 871; x_wconf 87' lang='lat' dir='ltr'><strong>etiam</strong></span> <span class='ocrx_word' id='word_1_50' title='bbox 467 797 835 894; x_wconf 81' lang='lat' dir='ltr'><strong>prudentes</strong></span> <span class='ocrx_word' id='word_1_51' title='bbox 864 801 1130 898; x_wconf 84' lang='lat' dir='ltr'><strong>erunt)</strong></span> <span class='ocrx_word' id='word_1_52' title='bbox 1164 798 1487 875; x_wconf 87' lang='lat' dir='ltr'><strong>inventio</strong></span> <span class='ocrx_word' id='word_1_53' title='bbox 1530 824 1550 872; x_wconf 74' lang='grc' dir='ltr'><strong><em>ε</em></strong></span> <span class='ocrx_word' id='word_1_54' title='bbox 1587 823 1745 896; x_wconf 84' lang='lat' dir='ltr'><strong>quae</strong></span> 
     </span>
     <span class='ocr_line' id='line_1_9' title="bbox 224 894 1746 991; baseline -0.001 -21"><span class='ocrx_word' id='word_1_55' title='bbox 224 896 489 970; x_wconf 75' lang='lat' dir='ltr'><strong>etiamsi</strong></span> <span class='ocrx_word' id='word_1_56' title='bbox 520 894 888 970; x_wconf 73' lang='lat' dir='ltr'><strong>lenociniis</strong></span> <span class='ocrx_word' id='word_1_57' title='bbox 918 895 1238 969; x_wconf 82' lang='lat' dir='ltr'><strong>destituta</strong></span> <span class='ocrx_word' id='word_1_58' title='bbox 1283 897 1402 991; x_wconf 84' lang='lat' dir='ltr'><strong>fit,</strong></span> <span class='ocrx_word' id='word_1_59' title='bbox 1430 895 1588 970; x_wconf 87' lang='lat' dir='ltr'><strong>satis</strong></span> <span class='ocrx_word' id='word_1_60' title='bbox 1633 915 1746 969; x_wconf 87' lang='lat' dir='ltr'><strong>ta-</strong></span> 
     </span>
     <span class='ocr_line' id='line_1_10' title="bbox 216 993 1745 1108; baseline 0 -41"><span class='ocrx_word' id='word_1_61' title='bbox 216 1019 377 1068; x_wconf 84' lang='lat' dir='ltr'><strong>men</strong></span> <span class='ocrx_word' id='word_1_62' title='bbox 414 994 670 1070; x_wconf 64' lang='lat' dir='ltr'><strong>natura</strong></span> <span class='ocrx_word' id='word_1_63' title='bbox 684 993 806 1066; x_wconf 63' lang='lat' dir='ltr'><strong>sua</strong></span> <span class='ocrx_word' id='word_1_64' title='bbox 822 1012 1110 1067; x_wconf 89' lang='lat' dir='ltr'><strong>ornatur</strong></span> <span class='ocrx_word' id='word_1_65' title='bbox 1135 1022 1163 1083; x_wconf 73' lang='lat'><em>3</em></span> <span class='ocrx_word' id='word_1_66' title='bbox 1191 1022 1324 1070; x_wconf 90' lang='lat' dir='ltr'><strong>nec</strong></span> <span class='ocrx_word' id='word_1_67' title='bbox 1356 996 1745 1108; x_wconf 73' lang='lat' dir='ltr'><strong>quicquam</strong></span> 
     </span>
     <span class='ocr_line' id='line_1_11' title="bbox 212 1091 1566 1186; baseline 0.001 -22"><span class='ocrx_word' id='word_1_68' title='bbox 212 1117 357 1164; x_wconf 88' lang='lat' dir='ltr'><strong>non</strong></span> <span class='ocrx_word' id='word_1_69' title='bbox 388 1091 645 1162; x_wconf 63' lang='lat' dir='ltr'><strong>diserte</strong></span> <span class='ocrx_word' id='word_1_70' title='bbox 671 1144 692 1179; x_wconf 85' lang='lat'>‚</span> <span class='ocrx_word' id='word_1_71' title='bbox 727 1093 914 1186; x_wconf 85' lang='lat' dir='ltr'><strong>quod</strong></span> <span class='ocrx_word' id='word_1_72' title='bbox 946 1093 1228 1165; x_wconf 69' lang='lat' dir='ltr'><strong>honeste</strong></span> <span class='ocrx_word' id='word_1_73' title='bbox 1277 1095 1566 1167; x_wconf 54' lang='lat' dir='ltr'><strong>dicitur.-</strong></span> 
     </span>
     <span class='ocr_line' id='line_1_12' title="bbox 242 1185 1743 1281; baseline -0.001 -18"><span class='ocrx_word' id='word_1_74' title='bbox 242 1261 244 1263; x_wconf 81' lang='grc'><em>,</em></span> <span class='ocrx_word' id='word_1_75' title='bbox 319 1191 620 1281; x_wconf 75' lang='lat' dir='ltr'><strong>QUARE</strong></span> <span class='ocrx_word' id='word_1_76' title='bbox 679 1185 1013 1279; x_wconf 82' lang='lat' dir='ltr'><strong>juventus</strong></span> <span class='ocrx_word' id='word_1_77' title='bbox 1044 1239 1063 1266; x_wconf 82' lang='lat'>‚</span> <span class='ocrx_word' id='word_1_78' title='bbox 1113 1188 1523 1261; x_wconf 71' lang='lat' dir='ltr'><strong>imo-omnis</strong></span> <span class='ocrx_word' id='word_1_79' title='bbox 1569 1206 1743 1262; x_wconf 78' lang='lat' dir='ltr'><strong>aetas</strong></span> 
     </span>
     <span class='ocr_line' id='line_1_13' title="bbox 218 1279 1748 1386; baseline 0.003 -29"><span class='ocrx_word' id='word_1_80' title='bbox 218 1286 256 1385; x_wconf 88' lang='lat'><strong>(</strong></span> <span class='ocrx_word' id='word_1_81' title='bbox 280 1311 511 1386; x_wconf 89' lang='lat' dir='ltr'><strong>neque</strong></span> <span class='ocrx_word' id='word_1_82' title='bbox 558 1282 745 1357; x_wconf 89' lang='lat' dir='ltr'><strong>enim</strong></span> <span class='ocrx_word' id='word_1_83' title='bbox 772 1283 975 1356; x_wconf 64' lang='lat' dir='ltr'><strong>reflae</strong></span> <span class='ocrx_word' id='word_1_84' title='bbox 1006 1283 1364 1375; x_wconf 27' lang='lat' dir='ltr'><strong>volunt-ati</strong></span> <span class='ocrx_word' id='word_1_85' title='bbox 1391 1279 1616 1358; x_wconf 58' lang='lat' dir='ltr'><strong>seium</strong></span> <span class='ocrx_word' id='word_1_86' title='bbox 1645 1287 1748 1362; x_wconf 84' lang='lat' dir='ltr'><strong>est</strong></span> 
     </span>
     <span class='ocr_line' id='line_1_14' title="bbox 217 1380 1745 1483; baseline -0.002 -25"><span class='ocrx_word' id='word_1_87' title='bbox 217 1405 501 1482; x_wconf 86' lang='lat' dir='ltr'><strong>tempus</strong></span> <span class='ocrx_word' id='word_1_88' title='bbox 534 1382 805 1483; x_wconf 88' lang='lat' dir='ltr'><strong>ullum)</strong></span> <span class='ocrx_word' id='word_1_89' title='bbox 834 1381 1005 1454; x_wconf 88' lang='lat' dir='ltr'><strong>totis</strong></span> <span class='ocrx_word' id='word_1_90' title='bbox 1038 1380 1388 1456; x_wconf 85' lang='lat' dir='ltr'><strong>mentibus</strong></span> <span class='ocrx_word' id='word_1_91' title='bbox 1422 1383 1560 1457; x_wconf 88' lang='lat' dir='ltr'><strong>huc</strong></span> <span class='ocrx_word' id='word_1_92' title='bbox 1592 1401 1745 1470; x_wconf 55' lang='lat' dir='ltr'><strong>ten-5</strong></span> 
     </span>
     <span class='ocr_line' id='line_1_15' title="bbox 220 1479 1745 1574; baseline 0.001 -19"><span class='ocrx_word' id='word_1_93' title='bbox 220 1483 516 1574; x_wconf 80' lang='lat' dir='ltr'><strong>damuS,</strong></span> <span class='ocrx_word' id='word_1_94' title='bbox 550 1482 623 1555; x_wconf 90' lang='lat' dir='ltr'><strong>in</strong></span> <span class='ocrx_word' id='word_1_95' title='bbox 674 1479 812 1555; x_wconf 91' lang='lat' dir='ltr'><strong>hoc</strong></span> <span class='ocrx_word' id='word_1_96' title='bbox 848 1480 1292 1552; x_wconf 77' lang='lat' dir='ltr'><strong>elaboremus</strong></span> <span class='ocrx_word' id='word_1_97' title='bbox 1334 1512 1348 1552; x_wconf 92' lang='lat'>:</span> <span class='ocrx_word' id='word_1_98' title='bbox 1388 1479 1621 1554; x_wconf 81' lang='lat' dir='ltr'>forsan</span> <span class='ocrx_word' id='word_1_99' title='bbox 1658 1483 1745 1558; x_wconf 69' lang='grc' dir='ltr'><strong>δε</strong></span> 
     </span>
     <span class='ocr_line' id='line_1_16' title="bbox 217 1566 1739 1677; baseline -0.002 -21"><span class='ocrx_word' id='word_1_100' title='bbox 217 1581 701 1656; x_wconf 86' lang='lat' dir='ltr'><strong>consummare</strong></span> <span class='ocrx_word' id='word_1_101' title='bbox 744 1577 1123 1677; x_wconf 82' lang='lat' dir='ltr'><strong>contingat.</strong></span> <span class='ocrx_word' id='word_1_102' title='bbox 1181 1566 1366 1651; x_wconf 78' lang='lat' dir='ltr'><strong>Nam</strong></span> <span class='ocrx_word' id='word_1_103' title='bbox 1407 1578 1452 1649; x_wconf 88' lang='lat' dir='ltr'><strong>fi</strong></span> <span class='ocrx_word' id='word_1_104' title='bbox 1488 1598 1739 1653; x_wconf 84' lang='lat' dir='ltr'><strong>natura</strong></span> 
     </span>
     <span class='ocr_line' id='line_1_17' title="bbox 214 1675 1742 1779; baseline -0.001 -26"><span class='ocrx_word' id='word_1_105' title='bbox 214 1705 358 1753; x_wconf 89' lang='lat' dir='ltr'><strong>non</strong></span> <span class='ocrx_word' id='word_1_106' title='bbox 392 1678 722 1779; x_wconf 88' lang='lat' dir='ltr'><strong>prohibet</strong></span> <span class='ocrx_word' id='word_1_107' title='bbox 754 1679 830 1750; x_wconf 89' lang='lat'>&amp;</span> <span class='ocrx_word' id='word_1_108' title='bbox 863 1675 997 1750; x_wconf 82' lang='lat' dir='ltr'><strong>effe</strong></span> <span class='ocrx_word' id='word_1_109' title='bbox 1041 1679 1272 1753; x_wconf 78' lang='lat' dir='ltr'><strong>virum</strong></span> <span class='ocrx_word' id='word_1_110' title='bbox 1308 1681 1570 1750; x_wconf 82' lang='lat' dir='ltr'><strong>bonum</strong></span> <span class='ocrx_word' id='word_1_111' title='bbox 1600 1734 1622 1770; x_wconf 86' lang='lat'>,</span> <span class='ocrx_word' id='word_1_112' title='bbox 1653 1681 1742 1752; x_wconf 73' lang='grc' dir='ltr'><strong>δε</strong></span> 
     </span>
     <span class='ocr_line' id='line_1_18' title="bbox 213 1775 1736 1874; baseline -0.002 -23"><span class='ocrx_word' id='word_1_113' title='bbox 213 1778 350 1852; x_wconf 79' lang='lat' dir='ltr'><strong>effe</strong></span> <span class='ocrx_word' id='word_1_114' title='bbox 386 1777 665 1852; x_wconf 89' lang='lat' dir='ltr'><strong>dicendi</strong></span> <span class='ocrx_word' id='word_1_115' title='bbox 710 1775 1016 1874; x_wconf 86' lang='lat' dir='ltr'><strong>peritum</strong></span> <span class='ocrx_word' id='word_1_116' title='bbox 1058 1832 1079 1869; x_wconf 88' lang='lat'><strong>,</strong></span> <span class='ocrx_word' id='word_1_117' title='bbox 1131 1807 1254 1852; x_wconf 83' lang='lat' dir='ltr'><strong>cur</strong></span> <span class='ocrx_word' id='word_1_118' title='bbox 1286 1803 1429 1850; x_wconf 86' lang='lat' dir='ltr'><strong>non</strong></span> <span class='ocrx_word' id='word_1_119' title='bbox 1478 1777 1566 1849; x_wconf 86' lang='lat' dir='ltr'><strong>ali</strong></span> <span class='ocrx_word' id='word_1_120' title='bbox 1624 1777 1736 1861; x_wconf 80' lang='lat' dir='ltr'><strong>uis</strong></span> 
     </span>
     <span class='ocr_line' id='line_1_19' title="bbox 215 1803 1736 1976; baseline 0.002 -27"><span class='ocrx_word' id='word_1_121' title='bbox 215 1876 427 1950; x_wconf 87' lang='lat' dir='ltr'><strong>etiarn</strong></span> <span class='ocrx_word' id='word_1_122' title='bbox 474 1902 651 1963; x_wconf 78' lang='lat' dir='ltr'><strong>unus</strong></span> <span class='ocrx_word' id='word_1_123' title='bbox 682 1896 1058 1973; x_wconf 88' lang='lat' dir='ltr'><strong>utrumque</strong></span> <span class='ocrx_word' id='word_1_124' title='bbox 1094 1877 1426 1975; x_wconf 88' lang='lat' dir='ltr'><strong>consequi</strong></span> <span class='ocrx_word' id='word_1_125' title='bbox 1469 1803 1736 1976; x_wconf 65' lang='lat' dir='ltr'><strong>poiin?</strong></span> 
     </span>
     <span class='ocr_line' id='line_1_20' title="bbox 180 1958 1729 2078; baseline 0.003 -29"><span class='ocrx_word' id='word_1_126' title='bbox 180 1989 341 2049; x_wconf 66' lang='lat' dir='ltr'><strong>&#39;“cur</strong></span> <span class='ocrx_word' id='word_1_127' title='bbox 384 1958 800 2062; x_wconf 60' lang='lat' dir='ltr'><strong>aute-non</strong></span> <span class='ocrx_word' id='word_1_128' title='bbox 847 1973 917 2048; x_wconf 92' lang='lat' dir='ltr'><strong>se</strong></span> <span class='ocrx_word' id='word_1_129' title='bbox 967 1974 1255 2078; x_wconf 88' lang='lat' dir='ltr'><strong>quisque</strong></span> <span class='ocrx_word' id='word_1_130' title='bbox 1302 1977 1529 2076; x_wconf 88' lang='lat' dir='ltr'><strong>speret</strong></span> <span class='ocrx_word' id='word_1_131' title='bbox 1569 1977 1729 2054; x_wconf 83' lang='lat' dir='ltr'><strong>fore</strong></span> 
     </span>
     <span class='ocr_line' id='line_1_21' title="bbox 202 2071 1725 2177; baseline 0.001 -31"><span class='ocrx_word' id='word_1_132' title='bbox 202 2071 401 2147; x_wconf 77' lang='lat' dir='ltr'><strong>illum</strong></span> <span class='ocrx_word' id='word_1_133' title='bbox 442 2074 811 2176; x_wconf 81' lang='lat' dir='ltr'><strong>aliquem?</strong></span> <span class='ocrx_word' id='word_1_134' title='bbox 854 2075 966 2148; x_wconf 88' lang='lat' dir='ltr'><strong>Ad</strong></span> <span class='ocrx_word' id='word_1_135' title='bbox 1026 2077 1222 2177; x_wconf 91' lang='lat' dir='ltr'><strong>quod</strong></span> <span class='ocrx_word' id='word_1_136' title='bbox 1267 2076 1317 2150; x_wconf 84' lang='lat' dir='ltr'>fi</span> <span class='ocrx_word' id='word_1_137' title='bbox 1375 2078 1563 2154; x_wconf 80' lang='lat' dir='ltr'><strong>vires</strong></span> <span class='ocrx_word' id='word_1_138' title='bbox 1610 2079 1725 2151; x_wconf 77' lang='lat' dir='ltr'><strong>in..</strong></span> 
     </span>
     <span class='ocr_line' id='line_1_22' title="bbox 202 2171 1726 2287; baseline 0 -38"><span class='ocrx_word' id='word_1_139' title='bbox 202 2171 391 2273; x_wconf 87' lang='lat' dir='ltr'><strong>genii</strong></span> <span class='ocrx_word' id='word_1_140' title='bbox 438 2199 579 2248; x_wconf 90' lang='lat' dir='ltr'><strong>non</strong></span> <span class='ocrx_word' id='word_1_141' title='bbox 610 2174 1003 2248; x_wconf 88' lang='lat' dir='ltr'><strong>suffecerint</strong></span> <span class='ocrx_word' id='word_1_142' title='bbox 1034 2232 1056 2264; x_wconf 89' lang='lat'>,</span> <span class='ocrx_word' id='word_1_143' title='bbox 1090 2195 1328 2251; x_wconf 85' lang='lat' dir='ltr'><strong>tamen</strong></span> <span class='ocrx_word' id='word_1_144' title='bbox 1370 2179 1457 2248; x_wconf 89' lang='lat' dir='ltr'><strong>ad</strong></span> <span class='ocrx_word' id='word_1_145' title='bbox 1508 2202 1726 2287; x_wconf 85' lang='lat' dir='ltr'><strong>quem</strong></span> 
     </span>
     <span class='ocr_line' id='line_1_23' title="bbox 161 2270 1727 2371; baseline 0 -28"><span class='ocrx_word' id='word_1_146' title='bbox 161 2356 170 2360; x_wconf 39' lang='grc'><strong><em>,</em></strong></span> <span class='ocrx_word' id='word_1_147' title='bbox 200 2270 422 2371; x_wconf 83' lang='lat' dir='ltr'><strong>usque</strong></span> <span class='ocrx_word' id='word_1_148' title='bbox 447 2274 739 2343; x_wconf 88' lang='lat' dir='ltr'><strong>modum</strong></span> <span class='ocrx_word' id='word_1_149' title='bbox 772 2272 1306 2364; x_wconf 79' lang='lat' dir='ltr'><strong>procefl&#39;erimus</strong></span> <span class='ocrx_word' id='word_1_150' title='bbox 1341 2322 1364 2357; x_wconf 91' lang='lat'>‚</span> <span class='ocrx_word' id='word_1_151' title='bbox 1387 2274 1727 2364; x_wconf 80' lang='lat' dir='ltr'><strong>mehores</strong></span> 
     </span>
     <span class='ocr_line' id='line_1_24' title="bbox 207 2365 1729 2461; baseline -0.001 -23"><span class='ocrx_word' id='word_1_152' title='bbox 207 2368 467 2441; x_wconf 87' lang='lat' dir='ltr'><strong>erimus</strong></span> <span class='ocrx_word' id='word_1_153' title='bbox 499 2391 586 2438; x_wconf 86' lang='lat' dir='ltr'><strong>ex</strong></span> <span class='ocrx_word' id='word_1_154' title='bbox 622 2381 952 2460; x_wconf 86' lang='lat' dir='ltr'><strong>utroque.</strong></span> <span class='ocrx_word' id='word_1_155' title='bbox 1010 2366 1171 2437; x_wconf 89' lang='lat' dir='ltr'><strong>Hoc</strong></span> <span class='ocrx_word' id='word_1_156' title='bbox 1208 2365 1400 2437; x_wconf 68' lang='lat' dir='ltr'><strong>certe</strong></span> <span class='ocrx_word' id='word_1_157' title='bbox 1445 2366 1729 2461; x_wconf 80' lang='lat' dir='ltr'><strong>prorsus</strong></span> 
     </span>
     <span class='ocr_line' id='line_1_25' title="bbox 206 2449 1729 2559; baseline -0.003 -20"><span class='ocrx_word' id='word_1_158' title='bbox 206 2462 559 2541; x_wconf 83' lang='lat' dir='ltr'><strong>eximatur</strong></span> <span class='ocrx_word' id='word_1_159' title='bbox 591 2460 830 2533; x_wconf 88' lang='lat' dir='ltr'><strong>animo</strong></span> <span class='ocrx_word' id='word_1_160' title='bbox 856 2513 880 2550; x_wconf 89' lang='lat'>‚</span> <span class='ocrx_word' id='word_1_161' title='bbox 918 2484 1156 2532; x_wconf 84' lang='lat' dir='ltr'><strong>rerum</strong></span> <span class='ocrx_word' id='word_1_162' title='bbox 1190 2449 1729 2559; x_wconf 77' lang='lat' dir='ltr'><strong>pulcherrima’m</strong></span> 
     </span>
     <span class='ocr_line' id='line_1_26' title="bbox 211 2556 1728 2659; baseline -0.001 -24"><span class='ocrx_word' id='word_1_163' title='bbox 211 2559 697 2659; x_wconf 86' lang='lat' dir='ltr'><strong>eloquentiam</strong></span> <span class='ocrx_word' id='word_1_164' title='bbox 765 2580 923 2632; x_wconf 87' lang='lat' dir='ltr'><strong>cum</strong></span> <span class='ocrx_word' id='word_1_165' title='bbox 975 2556 1166 2634; x_wconf 87' lang='lat' dir='ltr'><strong>vitiis</strong></span> <span class='ocrx_word' id='word_1_166' title='bbox 1231 2557 1482 2631; x_wconf 87' lang='lat' dir='ltr'><strong>mentis</strong></span> <span class='ocrx_word' id='word_1_167' title='bbox 1531 2557 1728 2656; x_wconf 80' lang='lat' dir='ltr'><strong>poss&#39;e</strong></span> 
     </span>
     <span class='ocr_line' id='line_1_27' title="bbox 202 2654 1726 2736; baseline -0.002 0"><span class='ocrx_word' id='word_1_168' title='bbox 202 2657 499 2736; x_wconf 88' lang='lat' dir='ltr'><strong>misceri.</strong></span> <span class='ocrx_word' id='word_1_169' title='bbox 530 2658 845 2732; x_wconf 87' lang='lat' dir='ltr'><strong>Facultas</strong></span> <span class='ocrx_word' id='word_1_170' title='bbox 872 2654 1149 2730; x_wconf 87' lang='lat' dir='ltr'><strong>dicendi</strong></span> <span class='ocrx_word' id='word_1_171' title='bbox 1178 2658 1226 2729; x_wconf 85' lang='lat' dir='ltr'><strong>fi</strong></span> <span class='ocrx_word' id='word_1_172' title='bbox 1257 2657 1333 2730; x_wconf 84' lang='lat' dir='ltr'><strong>in</strong></span> <span class='ocrx_word' id='word_1_173' title='bbox 1349 2656 1573 2731; x_wconf 81' lang='lat' dir='ltr'><strong>malos</strong></span> <span class='ocrx_word' id='word_1_174' title='bbox 1611 2656 1726 2733; x_wconf 88' lang='lat' dir='ltr'><strong>in-</strong></span> 
     </span>
     <span class='ocr_line' id='line_1_28' title="bbox 202 2754 1720 2856; baseline -0.001 -21"><span class='ocrx_word' id='word_1_175' title='bbox 202 2760 413 2849; x_wconf 83' lang='lat' dir='ltr'><strong>cidit,</strong></span> <span class='ocrx_word' id='word_1_176' title='bbox 441 2758 517 2829; x_wconf 89' lang='lat'>&amp;</span> <span class='ocrx_word' id='word_1_177' title='bbox 551 2754 698 2854; x_wconf 18' lang='lat' dir='ltr'><strong>ipsa,</strong></span> <span class='ocrx_word' id='word_1_178' title='bbox 738 2755 1106 2851; x_wconf 88' lang='lat' dir='ltr'><strong>judicanda</strong></span> <span class='ocrx_word' id='word_1_179' title='bbox 1132 2755 1226 2831; x_wconf 89' lang='lat' dir='ltr'><strong>est</strong></span> <span class='ocrx_word' id='word_1_180' title='bbox 1256 2754 1513 2830; x_wconf 85' lang='lat' dir='ltr'><strong>malum</strong></span> <span class='ocrx_word' id='word_1_181' title='bbox 1545 2784 1563 2829; x_wconf 89' lang='lat'><strong>:</strong></span> <span class='ocrx_word' id='word_1_182' title='bbox 1600 2784 1720 2856; x_wconf 85' lang='lat' dir='ltr'><strong>pe-</strong></span> 
     </span>
     <span class='ocr_line' id='line_1_29' title="bbox 197 2852 1715 2959; baseline -0.001 -27"><span class='ocrx_word' id='word_1_183' title='bbox 197 2859 391 2959; x_wconf 83' lang='lat' dir='ltr'><strong>jores</strong></span> <span class='ocrx_word' id='word_1_184' title='bbox 418 2852 604 2928; x_wconf 86' lang='lat' dir='ltr'><strong>enim</strong></span> <span class='ocrx_word' id='word_1_185' title='bbox 629 2854 783 2927; x_wconf 83' lang='lat' dir='ltr'><strong>illos</strong></span> <span class='ocrx_word' id='word_1_186' title='bbox 806 2855 974 2929; x_wconf 86' lang='lat' dir='ltr'><strong>facit</strong></span> <span class='ocrx_word' id='word_1_187' title='bbox 999 2908 1022 2945; x_wconf 88' lang='lat'><strong>,</strong></span> <span class='ocrx_word' id='word_1_188' title='bbox 1054 2856 1305 2956; x_wconf 88' lang='lat' dir='ltr'><strong>quibus</strong></span> <span class='ocrx_word' id='word_1_189' title='bbox 1346 2856 1715 2955; x_wconf 67' lang='lat' dir='ltr'><strong>contingit,</strong></span> 
     </span>
     <span class='ocr_line' id='line_1_30' title="bbox 297 2952 1714 3055; baseline 0 -28"><span class='ocrx_word' id='word_1_190' title='bbox 297 2958 417 3030; x_wconf 90' lang='lat' dir='ltr'><strong>1V.</strong></span> <span class='ocrx_word' id='word_1_191' title='bbox 460 2952 831 3025; x_wconf 78' lang='lat' dir='ltr'>VIDEOR</span> <span class='ocrx_word' id='word_1_192' title='bbox 874 2953 1041 3024; x_wconf 89' lang='lat' dir='ltr'><strong>mihi</strong></span> <span class='ocrx_word' id='word_1_193' title='bbox 1080 2955 1320 3029; x_wconf 88' lang='lat' dir='ltr'><strong>audire</strong></span> <span class='ocrx_word' id='word_1_194' title='bbox 1371 2955 1714 3055; x_wconf 83' lang='lat' dir='ltr'><strong>quosdam</strong></span> 
     </span>
    </p>
   </div>
   <div class='ocr_carea' id='block_1_3' title="bbox 201 3050 1712 3154">
    <p class='ocr_par' dir='ltr' id='par_1_3' title="bbox 201 3050 1712 3156">
     <span class='ocr_line' id='line_1_31' title="bbox 201 3050 1712 3154; baseline 0 -27"><span class='ocrx_word' id='word_1_195' title='bbox 201 3053 390 3154; x_wconf 85' lang='lat' dir='ltr'><strong>(nec</strong></span> <span class='ocrx_word' id='word_1_196' title='bbox 450 3050 640 3128; x_wconf 85' lang='lat' dir='ltr'><strong>enim</strong></span> <span class='ocrx_word' id='word_1_197' title='bbox 691 3052 991 3128; x_wconf 82' lang='lat' dir='ltr'><strong>deerunt</strong></span> <span class='ocrx_word' id='word_1_198' title='bbox 1039 3078 1348 3154; x_wconf 88' lang='lat' dir='ltr'><strong>unquam</strong></span> <span class='ocrx_word' id='word_1_199' title='bbox 1419 3050 1541 3149; x_wconf 90' lang='lat' dir='ltr'><strong>qui</strong></span> <span class='ocrx_word' id='word_1_200' title='bbox 1599 3052 1712 3149; x_wconf 54' lang='lat' dir='ltr'><strong>dig</strong></span> 
     </span>
    </p>
   </div>
   <div class='ocr_carea' id='block_1_4' title="bbox 1311 3148 1479 3243">
    <p class='ocr_par' dir='ltr' id='par_1_4' title="bbox 1311 3148 1479 3243">
     <span class='ocr_line' id='line_1_32' title="bbox 1311 3148 1479 3243; baseline 0.042 -23"><span class='ocrx_word' id='word_1_201' title='bbox 1311 3148 1479 3243; x_wconf 78' lang='lat' dir='ltr'><strong>in</strong></span> 
     </span>
    </p>
   </div>
  </div>
 </body>
</html>
