2250 3761
413 156 596 234 ’ΒΕ
665 156 1440 232 ΡΗηοεοι-Ηιᾼζ
1589 174 1735 254 377

187 276 512 377 gurgitis
555 278 774 350 tractu
810 275 1180 349 fluentium
1215 299 1233 345 ε
1267 273 1476 371 quam
1496 274 1731 349 tenuis

200 396 428 474 aquae
443 431 464 468 ,
491 376 568 447 &
586 374 861 467 objectu
886 373 1287 472 lapillorum
1310 372 1730 450 resultantis-

199 510 206 517 ·
322 477 409 545 Et
456 491 533 546 ut
565 472 925 571 palaestrici
970 472 1295 544 doctores
1337 469 1500 542 illos
1649 494 1734 546 os
1799 471 1802 479 ’

207 592 247 622 ⁶
284 595 623 645 numeros
650 588 913 646 vocant
936 625 959 662 ‚
990 593 1134 641 non
1174 567 1444 641 idcirco
1470 568 1542 641 di
1571 593 1735 642 cen-

193 668 411 753 ,tibus
458 670 743 742 tradunt
771 723 794 760 ,
852 685 932 764 utt
969 667 1073 739 his
1138 666 1462 740 omnibus
1515 666 1565 738 ii
1610 666 1733 766 qui

203 767 622 842 didicerunt
650 825 674 858 ,
716 766 961 866 inipso
1004 764 1307 837 lustandi
1353 765 1732 839 certamine

205 881 512 938 utantur
536 866 738 962 (plus
777 867 960 938 enim
1008 864 1326 961 pondere
1356 917 1380 953 ‚
1404 865 1481 935 &
1513 863 1735 935 firmi·

202 978 408 1054 tate,
440 967 517 1038 &
549 964 789 1059 spiritu
806 963 1084 1061 agitur)
1118 961 1238 1036 sed
1271 978 1348 1033 ut
1375 961 1578 1033 subfit
1608 984 1729 1034 co·

197 1061 334 1171 pia
359 1061 529 1149 illa,
576 1086 661 1132 ex
688 1087 827 1157 qua
857 1085 1075 1131 unum
1102 1076 1223 1131 aut
1242 1060 1539 1131 alterum
1559 1113 1582 1149 ‚
1613 1085 1731 1131 cu·-

202 1181 334 1255 1us
374 1157 444 1227 se
474 1156 750 1227 occafio
776 1156 1046 1228 dederit
1065 1208 1089 1242 ‚
1114 1156 1448 1228 efficiant:
1474 1157 1574 1229 ita
1587 1155 1735 1227 haec

203 1277 388 1353 pars
417 1252 799 1327 Dialestica
823 1307 842 1334 ‚
872 1251 1017 1327 five
1047 1251 1237 1323 illam
1271 1250 1505 1326 dicere
1533 1253 1737 1325 mali-

207 1350 924 1448 mus-disputatricem
959 1402 984 1443 ,
1026 1366 1105 1422 ut
1149 1348 1243 1421 est
1283 1348 1471 1421 utilis
1508 1351 1683 1447 saepe
1711 1404 1735 1441 ,

220 1451 311 1521 &
337 1448 764 1523 finitionibus
791 1505 814 1540 ‚
857 1453 934 1525 δε
962 1446 1690 1547 εοηιρτεὴεηίὶοηὼιιὲ
1716 1506 1735 1533 ,

224 1548 315 1619 &
364 1544 756 1644 separandis
795 1574 951 1647 quae
996 1547 1149 1619 sunt
1187 1547 1616 1637 differentia,
1655 1551 1736 1622 &

221 1644 650 1719 resolvenda
675 1646 1128 1744 ambiguitate
1153 1701 1175 1737 ‚
1223 1649 1300 1719 &
1329 1644 1739 1742 distinguen-

209 1745 365 1836 do,
404 1744 784 1818 dividendo
810 1803 834 1838 ‚
896 1744 1250 1817 illiciendo
1296 1798 1320 1835 ‚
1356 1743 1738 1840 ‘implican-

209 1841 326 1915 do
354 1870 370 1916 :
397 1843 493 1916 ita
515 1843 562 1917 fi
588 1860 817 1917 totum
842 1842 966 1917 fibi
982 1842 1455 1921 vindicaverit
1479 1844 1549 1916 in
1575 1842 1736 1916 foro

203 1957 589 2016 *certamen
616 1993 643 2028 ‚
677 1943 974 2016 obstabit
1012 1940 1456 2033 melioribus,
1484 1942 1562 2014 &
1594 1941 1739 2017 sec-

223 2055 337 2113 tas
365 2040 450 2113 ad
492 2041 903 2116 tenuitatem
928 2041 1117 2116 suam
1140 2040 1330 2120 vires
1354 2040 1500 2140 ipsa
1523 2040 1807 2138 fubri-s

218 2138 424 2215 litate
474 2141 861 2219 consumet.
906 2144 1151 2243 Itaque
1189 2141 1495 2239 reperias
1525 2140 1738 2239 quos-

222 2237 388 2310 dam
429 2237 500 2310 in
527 2241 942 2337 disputando
988 2242 1162 2313 mire
1192 2240 1483 2311 callid'os
1521 2265 1537 2308 :
1574 2240 1735 2311 clun

225 2334 319 2408 ab
372 2335 488 2406 illa
527 2337 717 2409 verb
776 2337 1221 2410 cavillatione
1265 2333 1679 2406 discefferint
1712 2388 1735 2425 ,

231 2453 380 2502 non
423 2432 642 2527 magis
688 2431 998 2506 sufficere
1029 2432 1099 2503 in
1139 2429 1380 2526 aliquo
1406 2429 1736 2525 graviore

229 2528 385 2601 astu
413 2580 436 2619 ‚
469 2528 674 2625 quam
722 2553 944 2625 parva
988 2528 1306 2626 quaedam
1352 2524 1674 2599 animalia
1712 2579 1738 2617 ,

231 2650 387 2723 quae
437 2624 509 2697 in
543 2627 862 2722 angustiis
911 2625 1203 2714 mobilia
1240 2680 1266 2721 ‚
1335 2648 1585 2724 campo
1620 2625 1740 2700 de-

228 2722 772 2824 prehenduntur.

287 2975 322 3015 'a
354 2968 593 3015 Numeros
628 2963 723 3014 hoc
759 2964 871 3015 loco
887 2978 967 3031 ap·
1019 2963 1211 3020 testatur
1250 2963 1335 3016 lib.
1387 2981 1434 3024 9.
1486 2961 1594 3014 enlm
1633 2962 1734 3014 alt:

234 3031 381 3096 pellat
422 3031 659 3093 optimam
715 3029 873 3079 motuis
916 3037 960 3080 ὃ(
1016 3045 1215 3079 metrum
1253 3029 1302 3079 in
1345 3028 1501 3081 verlu's
1538 3028 1677 3082 ηιοάὸ
1719 3059 1751 3080 ,ν

232 3093 379 3158 gestiit
451 3092 891 3143 conformationem
947 3134 963 3158 ‚
1016 3091 1258 3160 rhythmus
1275 3095 1420 3144 ctiam
1450 3093 1499 3142 in
1520 3089 1738 3159 corporis

232 3170 340 3225 quae
366 3157 427 3207 ad
456 3158 686 3212 decorum
726 3158 882 3222 facin
913 3133 993 3212 uti
1014 3175 1147 3214 motu
1170 3160 1250 3226 est.
1288 3158 1439 3213 Turn.
1500 3214 1505 3218 ,

239 3289 280 3370 f
