<?xml version="1.0" encoding="UTF-8"?>
<!DOCTYPE html PUBLIC "-//W3C//DTD XHTML 1.0 Transitional//EN"
    "http://www.w3.org/TR/xhtml1/DTD/xhtml1-transitional.dtd">
<html xmlns="http://www.w3.org/1999/xhtml" xml:lang="en" lang="en">
 <head>
  <title>
</title>
<meta http-equiv="Content-Type" content="text/html;charset=utf-8" />
  <meta name='ocr-system' content='tesseract 3.04.00' />
  <meta name='ocr-capabilities' content='ocr_page ocr_carea ocr_par ocr_line ocrx_word'/>
</head>
<body>
  <div class='ocr_page' id='page_1' title='image "./marcifabiiquint00quingoog_0292.png"; bbox 0 0 2250 3761; ppageno 0'>
   <div class='ocr_carea' id='block_1_1' title="bbox 465 189 1674 288">
    <p class='ocr_par' dir='ltr' id='par_1_1' title="bbox 465 189 1674 288">
     <span class='ocr_line' id='line_1_1' title="bbox 465 189 1674 288; baseline -0.007 -13"><span class='ocrx_word' id='word_1_1' title='bbox 465 196 662 274; x_wconf 75' lang='lat'>-286</span> <span class='ocrx_word' id='word_1_2' title='bbox 844 194 1047 288; x_wconf 69' lang='lat' dir='ltr'><strong>Lu.</strong></span> <span class='ocrx_word' id='word_1_3' title='bbox 1100 189 1259 265; x_wconf 83' lang='lat' dir='ltr'><strong>XI.</strong></span> <span class='ocrx_word' id='word_1_4' title='bbox 1323 192 1547 266; x_wconf 65' lang='lat' dir='ltr'><strong>cn.</strong></span> <span class='ocrx_word' id='word_1_5' title='bbox 1613 189 1674 266; x_wconf 90' lang='lat'><strong>1.</strong></span> 
     </span>
    </p>
   </div>
   <div class='ocr_carea' id='block_1_2' title="bbox 507 307 2069 3248">
    <p class='ocr_par' dir='ltr' id='par_1_2' title="bbox 507 307 2069 1193">
     <span class='ocr_line' id='line_1_2' title="bbox 514 307 2069 390; baseline -0.001 -4"><span class='ocrx_word' id='word_1_6' title='bbox 514 329 670 390; x_wconf 85' lang='lat' dir='ltr'><strong>erat</strong></span> <span class='ocrx_word' id='word_1_7' title='bbox 694 311 764 384; x_wconf 88' lang='lat' dir='ltr'><strong>in</strong></span> <span class='ocrx_word' id='word_1_8' title='bbox 791 326 1087 383; x_wconf 84' lang='lat' dir='ltr'><strong>matrem</strong></span> <span class='ocrx_word' id='word_1_9' title='bbox 1117 307 1426 381; x_wconf 63' lang='lat' dir='ltr'><strong>dicimus</strong></span> <span class='ocrx_word' id='word_1_10' title='bbox 1450 359 1469 388; x_wconf 88' lang='lat'>‚</span> <span class='ocrx_word' id='word_1_11' title='bbox 1498 328 1641 378; x_wconf 83' lang='lat' dir='ltr'><strong>non</strong></span> <span class='ocrx_word' id='word_1_12' title='bbox 1665 331 1714 378; x_wconf 89' lang='grc' dir='ltr'>ο</span> <span class='ocrx_word' id='word_1_13' title='bbox 1767 323 2069 385; x_wconf 83' lang='lat' dir='ltr'><strong>orteret</strong></span> 
     </span>
     <span class='ocr_line' id='line_1_3' title="bbox 517 404 2068 501; baseline -0.005 -14"><span class='ocrx_word' id='word_1_14' title='bbox 517 410 741 487; x_wconf 75' lang='lat' dir='ltr'><strong>modb</strong></span> <span class='ocrx_word' id='word_1_15' title='bbox 764 408 955 501; x_wconf 87' lang='lat' dir='ltr'><strong>fieri,</strong></span> <span class='ocrx_word' id='word_1_16' title='bbox 978 407 1096 481; x_wconf 88' lang='lat' dir='ltr'><strong>sed</strong></span> <span class='ocrx_word' id='word_1_17' title='bbox 1119 406 1336 481; x_wconf 85' lang='lat' dir='ltr'><strong>etiam</strong></span> <span class='ocrx_word' id='word_1_18' title='bbox 1354 404 1625 480; x_wconf 85' lang='lat' dir='ltr'><strong>neceffe</strong></span> <span class='ocrx_word' id='word_1_19' title='bbox 1655 430 1694 479; x_wconf 89' lang='lat' dir='ltr'><strong>e</strong></span> <span class='ocrx_word' id='word_1_20' title='bbox 1744 407 1847 479; x_wconf 80' lang='lat' dir='ltr'><strong>&#39;et.</strong></span> <span class='ocrx_word' id='word_1_21' title='bbox 1893 408 2068 480; x_wconf 84' lang='lat' dir='ltr'><strong>Pri-</strong></span> 
     </span>
     <span class='ocr_line' id='line_1_4' title="bbox 519 502 2064 615; baseline -0.004 -32"><span class='ocrx_word' id='word_1_22' title='bbox 519 511 777 608; x_wconf 76' lang='lat' dir='ltr'><strong>maque</strong></span> <span class='ocrx_word' id='word_1_23' title='bbox 829 507 978 578; x_wconf 83' lang='lat' dir='ltr'><strong>haec</strong></span> <span class='ocrx_word' id='word_1_24' title='bbox 1025 504 1367 605; x_wconf 71' lang='lat' dir='ltr'>expositio</span> <span class='ocrx_word' id='word_1_25' title='bbox 1399 502 1532 577; x_wconf 75' lang='lat' dir='ltr'><strong>suit</strong></span> <span class='ocrx_word' id='word_1_26' title='bbox 1555 557 1580 592; x_wconf 90' lang='lat'>‚</span> <span class='ocrx_word' id='word_1_27' title='bbox 1630 528 2064 615; x_wconf 74' lang='lat' dir='ltr'>quanquam</span> 
     </span>
     <span class='ocr_line' id='line_1_5' title="bbox 518 601 2062 705; baseline -0.005 -24"><span class='ocrx_word' id='word_1_28' title='bbox 518 608 611 681; x_wconf 79' lang='lat' dir='ltr'><strong>ad</strong></span> <span class='ocrx_word' id='word_1_29' title='bbox 652 605 1064 705; x_wconf 80' lang='lat' dir='ltr'><strong>praesentem</strong></span> <span class='ocrx_word' id='word_1_30' title='bbox 1112 602 1559 703; x_wconf 76' lang='lat' dir='ltr'><strong>quaestionem</strong></span> <span class='ocrx_word' id='word_1_31' title='bbox 1602 603 1779 674; x_wconf 87' lang='lat' dir='ltr'><strong>mhil</strong></span> <span class='ocrx_word' id='word_1_32' title='bbox 1823 601 2062 700; x_wconf 83' lang='lat' dir='ltr'><strong>perti-</strong></span> 
     </span>
     <span class='ocr_line' id='line_1_6' title="bbox 518 695 2061 799; baseline -0.003 -22"><span class='ocrx_word' id='word_1_33' title='bbox 518 704 757 777; x_wconf 84' lang='lat' dir='ltr'><strong>nebat.</strong></span> <span class='ocrx_word' id='word_1_34' title='bbox 795 704 999 776; x_wconf 78' lang='lat' dir='ltr'><strong>Adeo</strong></span> <span class='ocrx_word' id='word_1_35' title='bbox 1019 702 1092 775; x_wconf 89' lang='lat' dir='ltr'><strong>in</strong></span> <span class='ocrx_word' id='word_1_36' title='bbox 1114 698 1313 776; x_wconf 88' lang='lat' dir='ltr'><strong>causa</strong></span> <span class='ocrx_word' id='word_1_37' title='bbox 1338 695 1604 771; x_wconf 83' lang='lat' dir='ltr'><strong>difficili</strong></span> <span class='ocrx_word' id='word_1_38' title='bbox 1626 717 1845 799; x_wconf 84' lang='lat' dir='ltr'><strong>atque</strong></span> <span class='ocrx_word' id='word_1_39' title='bbox 1869 725 2061 799; x_wconf 85' lang='lat' dir='ltr'><strong>per-</strong></span> 
     </span>
     <span class='ocr_line' id='line_1_7' title="bbox 519 796 2054 902; baseline -0.005 -27"><span class='ocrx_word' id='word_1_40' title='bbox 519 803 730 902; x_wconf 83' lang='lat' dir='ltr'><strong>plexa</strong></span> <span class='ocrx_word' id='word_1_41' title='bbox 773 801 943 874; x_wconf 87' lang='lat' dir='ltr'><strong>nihil</strong></span> <span class='ocrx_word' id='word_1_42' title='bbox 993 799 1182 898; x_wconf 68' lang='lat' dir='ltr'><strong>prius</strong></span> <span class='ocrx_word' id='word_1_43' title='bbox 1213 796 1626 869; x_wconf 84' lang='lat' dir='ltr'><strong>intuendum</strong></span> <span class='ocrx_word' id='word_1_44' title='bbox 1671 797 1969 872; x_wconf 85' lang='lat' dir='ltr'><strong>credidit</strong></span> <span class='ocrx_word' id='word_1_45' title='bbox 2018 850 2054 889; x_wconf 90' lang='lat'><em>‚</em></span> 
     </span>
     <span class='ocr_line' id='line_1_8' title="bbox 516 893 2055 1011; baseline -0.004 -38"><span class='ocrx_word' id='word_1_46' title='bbox 516 902 730 999; x_wconf 74' lang='lat' dir='ltr'><strong>quam</strong></span> <span class='ocrx_word' id='word_1_47' title='bbox 750 900 916 1011; x_wconf 85' lang='lat' dir='ltr'><strong>quid</strong></span> <span class='ocrx_word' id='word_1_48' title='bbox 938 900 1227 972; x_wconf 88' lang='lat' dir='ltr'><strong>deceret</strong></span> <span class='ocrx_word' id='word_1_49' title='bbox 1249 894 1266 970; x_wconf 71' lang='grc' dir='ltr'><strong>Ξ</strong></span> <span class='ocrx_word' id='word_1_50' title='bbox 1298 893 1488 968; x_wconf 85' lang='lat' dir='ltr'>Fecit</span> <span class='ocrx_word' id='word_1_51' title='bbox 1512 893 1751 992; x_wconf 86' lang='lat' dir='ltr'><strong>itaque</strong></span> <span class='ocrx_word' id='word_1_52' title='bbox 1769 919 2055 969; x_wconf 84' lang='lat' dir='ltr'><strong>nomen</strong></span> 
     </span>
     <span class='ocr_line' id='line_1_9' title="bbox 518 990 2055 1110; baseline -0.003 -40"><span class='ocrx_word' id='word_1_53' title='bbox 518 1015 829 1110; x_wconf 75' lang='lat' dir='ltr'><strong>pat-enus</strong></span> <span class='ocrx_word' id='word_1_54' title='bbox 867 1020 1011 1068; x_wconf 90' lang='lat' dir='ltr'><strong>non</strong></span> <span class='ocrx_word' id='word_1_55' title='bbox 1051 994 1201 1065; x_wconf 85' lang='lat' dir='ltr'><strong>filio</strong></span> <span class='ocrx_word' id='word_1_56' title='bbox 1236 990 1700 1085; x_wconf 85' lang='lat' dir='ltr'><strong>invidiosum,</strong></span> <span class='ocrx_word' id='word_1_57' title='bbox 1735 990 1856 1065; x_wconf 88' lang='lat' dir='ltr'><strong>sed</strong></span> <span class='ocrx_word' id='word_1_58' title='bbox 1907 991 2055 1090; x_wconf 80' lang='lat' dir='ltr'><strong>ipfi</strong></span> 
     </span>
     <span class='ocr_line' id='line_1_10' title="bbox 507 1091 1591 1193; baseline -0.013 -19"><span class='ocrx_word' id='word_1_59' title='bbox 507 1120 590 1176; x_wconf 79' lang='lat' dir='ltr'><strong>,m</strong></span> <span class='ocrx_word' id='word_1_60' title='bbox 620 1119 831 1193; x_wconf 87' lang='lat' dir='ltr'><strong>quam</strong></span> <span class='ocrx_word' id='word_1_61' title='bbox 870 1091 1264 1165; x_wconf 85' lang='lat' dir='ltr'><strong>dicebatur.</strong></span> <span class='ocrx_word' id='word_1_62' title='bbox 1588 1129 1591 1132; x_wconf 24' lang='grc' dir='ltr'><strong><em>ι</em></strong></span> 
     </span>
    </p>

    <p class='ocr_par' dir='ltr' id='par_1_3' title="bbox 516 1184 2051 3248">
     <span class='ocr_line' id='line_1_11' title="bbox 615 1184 2047 1287; baseline -0.003 -23"><span class='ocrx_word' id='word_1_63' title='bbox 615 1190 852 1265; x_wconf 85' lang='lat' dir='ltr'><strong>Potest</strong></span> <span class='ocrx_word' id='word_1_64' title='bbox 893 1207 1133 1274; x_wconf 76' lang='lat' dir='ltr'><strong>tamen</strong></span> <span class='ocrx_word' id='word_1_65' title='bbox 1171 1185 1549 1287; x_wconf 88' lang='lat' dir='ltr'><strong>aliquando</strong></span> <span class='ocrx_word' id='word_1_66' title='bbox 1588 1201 1816 1261; x_wconf 88' lang='lat' dir='ltr'><strong>mater</strong></span> <span class='ocrx_word' id='word_1_67' title='bbox 1850 1187 1934 1262; x_wconf 85' lang='lat'>&amp;</span> <span class='ocrx_word' id='word_1_68' title='bbox 1964 1184 2047 1260; x_wconf 83' lang='lat' dir='ltr'><strong>in</strong></span> 
     </span>
     <span class='ocr_line' id='line_1_12' title="bbox 519 1283 2047 1382; baseline -0.003 -18"><span class='ocrx_word' id='word_1_69' title='bbox 519 1315 602 1364; x_wconf 84' lang='lat' dir='ltr'><strong>re</strong></span> <span class='ocrx_word' id='word_1_70' title='bbox 648 1290 921 1365; x_wconf 82' lang='lat' dir='ltr'><strong>leviore</strong></span> <span class='ocrx_word' id='word_1_71' title='bbox 948 1344 971 1382; x_wconf 91' lang='lat'>‚</span> <span class='ocrx_word' id='word_1_72' title='bbox 1024 1303 1148 1359; x_wconf 91' lang='lat' dir='ltr'><strong>aut</strong></span> <span class='ocrx_word' id='word_1_73' title='bbox 1190 1286 1417 1358; x_wconf 72' lang='lat' dir='ltr'><strong>minus</strong></span> <span class='ocrx_word' id='word_1_74' title='bbox 1459 1283 1701 1359; x_wconf 86' lang='lat' dir='ltr'><strong>infesta</strong></span> <span class='ocrx_word' id='word_1_75' title='bbox 1721 1339 1747 1377; x_wconf 90' lang='lat'>‚</span> <span class='ocrx_word' id='word_1_76' title='bbox 1784 1302 2047 1359; x_wconf 83' lang='lat' dir='ltr'><strong>contra</strong></span> 
     </span>
     <span class='ocr_line' id='line_1_13' title="bbox 520 1381 2047 1482; baseline -0.004 -20"><span class='ocrx_word' id='word_1_77' title='bbox 520 1388 744 1462; x_wconf 85' lang='lat' dir='ltr'><strong>filium</strong></span> <span class='ocrx_word' id='word_1_78' title='bbox 781 1386 998 1461; x_wconf 85' lang='lat' dir='ltr'><strong>stare:</strong></span> <span class='ocrx_word' id='word_1_79' title='bbox 1025 1402 1181 1457; x_wconf 86' lang='lat' dir='ltr'><strong>tum</strong></span> <span class='ocrx_word' id='word_1_80' title='bbox 1218 1382 1448 1457; x_wconf 87' lang='lat' dir='ltr'><strong>lenior</strong></span> <span class='ocrx_word' id='word_1_81' title='bbox 1475 1400 1690 1482; x_wconf 86' lang='lat' dir='ltr'><strong>atque</strong></span> <span class='ocrx_word' id='word_1_82' title='bbox 1723 1381 2047 1456; x_wconf 85' lang='lat' dir='ltr'><strong>summis-</strong></span> 
     </span>
     <span class='ocr_line' id='line_1_14' title="bbox 517 1480 2045 1566; baseline -0.003 -7"><span class='ocrx_word' id='word_1_83' title='bbox 517 1486 655 1559; x_wconf 82' lang='lat' dir='ltr'><strong>fior</strong></span> <span class='ocrx_word' id='word_1_84' title='bbox 682 1485 959 1560; x_wconf 83' lang='lat' dir='ltr'><strong>decebit</strong></span> <span class='ocrx_word' id='word_1_85' title='bbox 985 1482 1246 1557; x_wconf 80' lang='lat' dir='ltr'><strong>oratic.</strong></span> <span class='ocrx_word' id='word_1_86' title='bbox 1284 1481 1470 1554; x_wconf 87' lang='lat' dir='ltr'><strong>Nam</strong></span> <span class='ocrx_word' id='word_1_87' title='bbox 1506 1482 1585 1554; x_wconf 85' lang='lat'>&amp;</span> <span class='ocrx_word' id='word_1_88' title='bbox 1613 1480 2045 1566; x_wconf 83' lang='lat' dir='ltr'><strong>satisfacien-</strong></span> 
     </span>
     <span class='ocr_line' id='line_1_15' title="bbox 524 1578 2051 1677; baseline -0.004 -20"><span class='ocrx_word' id='word_1_89' title='bbox 524 1585 626 1657; x_wconf 88' lang='lat' dir='ltr'><strong>do</strong></span> <span class='ocrx_word' id='word_1_90' title='bbox 651 1639 675 1677; x_wconf 88' lang='lat'><strong>,</strong></span> <span class='ocrx_word' id='word_1_91' title='bbox 714 1600 835 1656; x_wconf 88' lang='lat' dir='ltr'><strong>aut</strong></span> <span class='ocrx_word' id='word_1_92' title='bbox 876 1580 1180 1655; x_wconf 86' lang='lat' dir='ltr'><strong>nostram</strong></span> <span class='ocrx_word' id='word_1_93' title='bbox 1216 1578 1610 1652; x_wconf 86' lang='lat' dir='ltr'><strong>minuemus</strong></span> <span class='ocrx_word' id='word_1_94' title='bbox 1653 1578 2001 1653; x_wconf 89' lang='lat' dir='ltr'><strong>invidiam</strong></span> <span class='ocrx_word' id='word_1_95' title='bbox 2024 1632 2051 1670; x_wconf 90' lang='lat'>,</span> 
     </span>
     <span class='ocr_line' id='line_1_16' title="bbox 523 1677 2044 1777; baseline -0.004 -22"><span class='ocrx_word' id='word_1_96' title='bbox 523 1701 649 1777; x_wconf 63' lang='lat' dir='ltr'><strong>eut</strong></span> <span class='ocrx_word' id='word_1_97' title='bbox 684 1682 899 1754; x_wconf 87' lang='lat' dir='ltr'><strong>etiam</strong></span> <span class='ocrx_word' id='word_1_98' title='bbox 936 1680 1009 1752; x_wconf 91' lang='lat' dir='ltr'><strong>in</strong></span> <span class='ocrx_word' id='word_1_99' title='bbox 1056 1677 1410 1752; x_wconf 87' lang='lat' dir='ltr'><strong>diversum</strong></span> <span class='ocrx_word' id='word_1_100' title='bbox 1453 1702 1611 1750; x_wconf 89' lang='lat' dir='ltr'><strong>eam</strong></span> <span class='ocrx_word' id='word_1_101' title='bbox 1657 1677 2044 1750; x_wconf 83' lang='lat' dir='ltr'><strong>transfere-</strong></span> 
     </span>
     <span class='ocr_line' id='line_1_17' title="bbox 524 1773 2042 1877; baseline -0.004 -24"><span class='ocrx_word' id='word_1_102' title='bbox 524 1805 680 1853; x_wconf 89' lang='lat' dir='ltr'><strong>mus</strong></span> <span class='ocrx_word' id='word_1_103' title='bbox 703 1806 720 1851; x_wconf 87' lang='lat'>:</span> <span class='ocrx_word' id='word_1_104' title='bbox 746 1779 824 1852; x_wconf 89' lang='lat'>&amp;</span> <span class='ocrx_word' id='word_1_105' title='bbox 846 1833 868 1870; x_wconf 86' lang='lat'>‚</span> <span class='ocrx_word' id='word_1_106' title='bbox 892 1777 941 1850; x_wconf 88' lang='lat' dir='ltr'><strong>fi</strong></span> <span class='ocrx_word' id='word_1_107' title='bbox 964 1775 1274 1877; x_wconf 84' lang='lat' dir='ltr'><strong>graviter</strong></span> <span class='ocrx_word' id='word_1_108' title='bbox 1290 1774 1531 1854; x_wconf 88' lang='lat' dir='ltr'><strong>dolere</strong></span> <span class='ocrx_word' id='word_1_109' title='bbox 1557 1774 1781 1848; x_wconf 88' lang='lat' dir='ltr'><strong>filium</strong></span> <span class='ocrx_word' id='word_1_110' title='bbox 1803 1773 2042 1873; x_wconf 88' lang='lat' dir='ltr'><strong>palam</strong></span> 
     </span>
     <span class='ocr_line' id='line_1_18' title="bbox 521 1872 2044 1971; baseline -0.002 -20"><span class='ocrx_word' id='word_1_111' title='bbox 521 1876 743 1952; x_wconf 76' lang='lat' dir='ltr'><strong>fuerit</strong></span> <span class='ocrx_word' id='word_1_112' title='bbox 770 1933 794 1971; x_wconf 88' lang='lat'><strong>,</strong></span> <span class='ocrx_word' id='word_1_113' title='bbox 842 1876 1171 1952; x_wconf 86' lang='lat' dir='ltr'><strong>credetur</strong></span> <span class='ocrx_word' id='word_1_114' title='bbox 1213 1872 1448 1946; x_wconf 81' lang='lat' dir='ltr'><strong>abess&#39;e</strong></span> <span class='ocrx_word' id='word_1_115' title='bbox 1480 1872 1569 1947; x_wconf 88' lang='lat' dir='ltr'><strong>ab</strong></span> <span class='ocrx_word' id='word_1_116' title='bbox 1619 1898 1711 1947; x_wconf 90' lang='lat' dir='ltr'><strong>eo</strong></span> <span class='ocrx_word' id='word_1_117' title='bbox 1763 1872 1968 1971; x_wconf 83' lang='lat' dir='ltr'><strong>culpa</strong></span> <span class='ocrx_word' id='word_1_118' title='bbox 2014 1927 2044 1965; x_wconf 89' lang='lat'>‚</span> 
     </span>
     <span class='ocr_line' id='line_1_19' title="bbox 521 1970 2050 2074; baseline -0.003 -25"><span class='ocrx_word' id='word_1_119' title='bbox 521 1976 787 2074; x_wconf 75' lang='lat' dir='ltr'><strong>fietque</strong></span> <span class='ocrx_word' id='word_1_120' title='bbox 813 1975 1003 2047; x_wconf 85' lang='lat' dir='ltr'><strong>ultro</strong></span> <span class='ocrx_word' id='word_1_121' title='bbox 1036 1970 1475 2045; x_wconf 84' lang='lat' dir='ltr'><strong>miserabilis.</strong></span> <span class='ocrx_word' id='word_1_122' title='bbox 1500 1972 1847 2047; x_wconf 87' lang='lat' dir='ltr'><strong>Avertere</strong></span> <span class='ocrx_word' id='word_1_123' title='bbox 1868 1995 2050 2069; x_wconf 89' lang='lat' dir='ltr'><strong>quo-</strong></span> 
     </span>
     <span class='ocr_line' id='line_1_20' title="bbox 520 2068 2042 2171; baseline -0.001 -25"><span class='ocrx_word' id='word_1_124' title='bbox 520 2097 668 2171; x_wconf 88' lang='lat' dir='ltr'><strong>que</strong></span> <span class='ocrx_word' id='word_1_125' title='bbox 712 2071 787 2144; x_wconf 90' lang='lat' dir='ltr'><strong>in</strong></span> <span class='ocrx_word' id='word_1_126' title='bbox 816 2071 993 2144; x_wconf 79' lang='lat' dir='ltr'><strong>alios</strong></span> <span class='ocrx_word' id='word_1_127' title='bbox 1046 2070 1314 2142; x_wconf 84' lang='lat' dir='ltr'><strong>crimen</strong></span> <span class='ocrx_word' id='word_1_128' title='bbox 1354 2070 1557 2144; x_wconf 85' lang='lat' dir='ltr'><strong>decet</strong></span> <span class='ocrx_word' id='word_1_129' title='bbox 1587 2123 1615 2159; x_wconf 88' lang='lat'><strong>,</strong></span> <span class='ocrx_word' id='word_1_130' title='bbox 1660 2088 1737 2142; x_wconf 90' lang='lat' dir='ltr'><strong>ut</strong></span> <span class='ocrx_word' id='word_1_131' title='bbox 1783 2068 2042 2144; x_wconf 80' lang='lat' dir='ltr'><strong>staude</strong></span> 
     </span>
     <span class='ocr_line' id='line_1_21' title="bbox 524 2163 2043 2270; baseline -0.003 -26"><span class='ocrx_word' id='word_1_132' title='bbox 524 2170 925 2270; x_wconf 75' lang='lat' dir='ltr'><strong>aliquorum</strong></span> <span class='ocrx_word' id='word_1_133' title='bbox 963 2168 1244 2242; x_wconf 89' lang='lat' dir='ltr'><strong>concita</strong></span> <span class='ocrx_word' id='word_1_134' title='bbox 1272 2168 1592 2240; x_wconf 88' lang='lat' dir='ltr'><strong>credatur</strong></span> <span class='ocrx_word' id='word_1_135' title='bbox 1622 2191 1646 2254; x_wconf 90' lang='lat'>;</span> <span class='ocrx_word' id='word_1_136' title='bbox 1684 2168 1762 2239; x_wconf 77' lang='grc' dir='ltr'><strong>δε</strong></span> <span class='ocrx_word' id='word_1_137' title='bbox 1790 2163 2043 2240; x_wconf 86' lang='lat' dir='ltr'><strong>omnia</strong></span> 
     </span>
     <span class='ocr_line' id='line_1_22' title="bbox 522 2262 2043 2366; baseline -0.005 -24"><span class='ocrx_word' id='word_1_138' title='bbox 522 2292 658 2343; x_wconf 85' lang='lat' dir='ltr'><strong>nos</strong></span> <span class='ocrx_word' id='word_1_139' title='bbox 712 2267 1025 2366; x_wconf 82' lang='lat' dir='ltr'><strong>paffuros</strong></span> <span class='ocrx_word' id='word_1_140' title='bbox 1061 2319 1087 2357; x_wconf 90' lang='lat'>‚</span> <span class='ocrx_word' id='word_1_141' title='bbox 1133 2263 1301 2337; x_wconf 88' lang='lat' dir='ltr'><strong>nihil</strong></span> <span class='ocrx_word' id='word_1_142' title='bbox 1353 2262 1588 2362; x_wconf 74' lang='lat' dir='ltr'><strong>aspere</strong></span> <span class='ocrx_word' id='word_1_143' title='bbox 1639 2263 1946 2336; x_wconf 61' lang='lat' dir='ltr'><strong>dicturos</strong></span> <span class='ocrx_word' id='word_1_144' title='bbox 2011 2315 2043 2350; x_wconf 83' lang='lat'><em>,</em></span> 
     </span>
     <span class='ocr_line' id='line_1_23' title="bbox 521 2361 2039 2458; baseline -0.005 -18"><span class='ocrx_word' id='word_1_145' title='bbox 521 2366 915 2441; x_wconf 87' lang='lat' dir='ltr'><strong>testandum</strong></span> <span class='ocrx_word' id='word_1_146' title='bbox 935 2419 959 2457; x_wconf 89' lang='lat'><strong>,</strong></span> <span class='ocrx_word' id='word_1_147' title='bbox 989 2382 1068 2437; x_wconf 91' lang='lat' dir='ltr'><strong>ut</strong></span> <span class='ocrx_word' id='word_1_148' title='bbox 1097 2361 1363 2436; x_wconf 85' lang='lat' dir='ltr'><strong>etiamfi</strong></span> <span class='ocrx_word' id='word_1_149' title='bbox 1382 2386 1523 2433; x_wconf 89' lang='lat' dir='ltr'><strong>non</strong></span> <span class='ocrx_word' id='word_1_150' title='bbox 1544 2361 1870 2458; x_wconf 83' lang='lat' dir='ltr'><strong>poffimus</strong></span> <span class='ocrx_word' id='word_1_151' title='bbox 1893 2384 2039 2433; x_wconf 88' lang='lat' dir='ltr'><strong>non</strong></span> 
     </span>
     <span class='ocr_line' id='line_1_24' title="bbox 518 2458 2038 2553; baseline -0.006 -12"><span class='ocrx_word' id='word_1_152' title='bbox 518 2463 958 2553; x_wconf 73' lang='lat' dir='ltr'><strong>convitiari,</strong></span> <span class='ocrx_word' id='word_1_153' title='bbox 1000 2461 1195 2535; x_wconf 87' lang='lat' dir='ltr'><strong>nolle</strong></span> <span class='ocrx_word' id='word_1_154' title='bbox 1233 2458 1623 2534; x_wconf 86' lang='lat' dir='ltr'><strong>videamur.</strong></span> <span class='ocrx_word' id='word_1_155' title='bbox 1670 2459 1897 2533; x_wconf 85' lang='lat' dir='ltr'><strong>Etiam</strong></span> <span class='ocrx_word' id='word_1_156' title='bbox 1923 2513 1947 2551; x_wconf 89' lang='lat'><strong>,</strong></span> <span class='ocrx_word' id='word_1_157' title='bbox 1986 2458 2038 2532; x_wconf 82' lang='lat' dir='ltr'>fi</span> 
     </span>
     <span class='ocr_line' id='line_1_25' title="bbox 522 2556 2032 2665; baseline -0.007 -27"><span class='ocrx_word' id='word_1_158' title='bbox 522 2563 697 2665; x_wconf 87' lang='lat' dir='ltr'><strong>quid</strong></span> <span class='ocrx_word' id='word_1_159' title='bbox 723 2559 1199 2655; x_wconf 82' lang='lat' dir='ltr'><strong>objiciendum</strong></span> <span class='ocrx_word' id='word_1_160' title='bbox 1235 2556 1371 2629; x_wconf 88' lang='lat' dir='ltr'><strong>erit</strong></span> <span class='ocrx_word' id='word_1_161' title='bbox 1388 2610 1412 2647; x_wconf 91' lang='lat'><strong>,</strong></span> <span class='ocrx_word' id='word_1_162' title='bbox 1439 2557 1747 2632; x_wconf 84' lang='lat' dir='ltr'><strong>officium</strong></span> <span class='ocrx_word' id='word_1_163' title='bbox 1774 2556 1872 2630; x_wconf 87' lang='lat' dir='ltr'><strong>est</strong></span> <span class='ocrx_word' id='word_1_164' title='bbox 1907 2579 2032 2653; x_wconf 87' lang='lat' dir='ltr'><strong>pa-</strong></span> 
     </span>
     <span class='ocr_line' id='line_1_26' title="bbox 517 2653 2034 2754; baseline -0.007 -19"><span class='ocrx_word' id='word_1_165' title='bbox 517 2660 716 2735; x_wconf 72' lang='lat' dir='ltr'><strong>troni</strong></span> <span class='ocrx_word' id='word_1_166' title='bbox 739 2713 763 2751; x_wconf 88' lang='lat'><strong>,</strong></span> <span class='ocrx_word' id='word_1_167' title='bbox 794 2674 873 2731; x_wconf 81' lang='lat' dir='ltr'><strong>ut</strong></span> <span class='ocrx_word' id='word_1_168' title='bbox 900 2657 971 2729; x_wconf 91' lang='lat' dir='ltr'><strong>id</strong></span> <span class='ocrx_word' id='word_1_169' title='bbox 1000 2655 1152 2727; x_wconf 80' lang='lat' dir='ltr'><strong>filio</strong></span> <span class='ocrx_word' id='word_1_170' title='bbox 1171 2653 1400 2750; x_wconf 84' lang='lat' dir='ltr'><strong>invito</strong></span> <span class='ocrx_word' id='word_1_171' title='bbox 1418 2708 1442 2746; x_wconf 88' lang='lat'><strong>,</strong></span> <span class='ocrx_word' id='word_1_172' title='bbox 1472 2654 1588 2729; x_wconf 90' lang='lat' dir='ltr'><strong>sed</strong></span> <span class='ocrx_word' id='word_1_173' title='bbox 1610 2654 1750 2730; x_wconf 80' lang='lat' dir='ltr'><strong>fide</strong></span> <span class='ocrx_word' id='word_1_174' title='bbox 1781 2677 2034 2754; x_wconf 87' lang='lat' dir='ltr'><strong>cogen-</strong></span> 
     </span>
     <span class='ocr_line' id='line_1_27' title="bbox 519 2752 2032 2852; baseline -0.003 -22"><span class='ocrx_word' id='word_1_175' title='bbox 519 2774 603 2831; x_wconf 44' lang='lat' dir='ltr'><strong>*te</strong></span> <span class='ocrx_word' id='word_1_176' title='bbox 625 2811 648 2846; x_wconf 85' lang='lat'><strong>,</strong></span> <span class='ocrx_word' id='word_1_177' title='bbox 681 2754 914 2828; x_wconf 86' lang='lat' dir='ltr'><strong>facere</strong></span> <span class='ocrx_word' id='word_1_178' title='bbox 948 2753 1299 2828; x_wconf 86' lang='lat' dir='ltr'><strong>credatur.</strong></span> <span class='ocrx_word' id='word_1_179' title='bbox 1337 2753 1439 2825; x_wconf 87' lang='lat' dir='ltr'><strong>Ita</strong></span> <span class='ocrx_word' id='word_1_180' title='bbox 1455 2752 1720 2852; x_wconf 85' lang='lat' dir='ltr'><strong>poterit</strong></span> <span class='ocrx_word' id='word_1_181' title='bbox 1738 2774 2032 2851; x_wconf 85' lang='lat' dir='ltr'><strong>uterque</strong></span> 
     </span>
     <span class='ocr_line' id='line_1_28' title="bbox 525 2846 2029 2945; baseline -0.005 -18"><span class='ocrx_word' id='word_1_182' title='bbox 525 2851 823 2926; x_wconf 86' lang='lat' dir='ltr'><strong>laudari.</strong></span> <span class='ocrx_word' id='word_1_183' title='bbox 867 2849 1089 2945; x_wconf 82' lang='lat' dir='ltr'><strong>Quod</strong></span> <span class='ocrx_word' id='word_1_184' title='bbox 1116 2849 1207 2922; x_wconf 92' lang='lat' dir='ltr'><strong>de</strong></span> <span class='ocrx_word' id='word_1_185' title='bbox 1232 2866 1459 2922; x_wconf 85' lang='lat' dir='ltr'><strong>matre</strong></span> <span class='ocrx_word' id='word_1_186' title='bbox 1478 2848 1625 2922; x_wconf 81' lang='lat' dir='ltr'><strong>dixi</strong></span> <span class='ocrx_word' id='word_1_187' title='bbox 1656 2902 1684 2936; x_wconf 91' lang='lat'>‚</span> <span class='ocrx_word' id='word_1_188' title='bbox 1715 2851 1802 2924; x_wconf 86' lang='lat' dir='ltr'><strong>de</strong></span> <span class='ocrx_word' id='word_1_189' title='bbox 1834 2846 2029 2923; x_wconf 82' lang='lat' dir='ltr'><strong>utro·-</strong></span> 
     </span>
     <span class='ocr_line' id='line_1_29' title="bbox 526 2944 2028 3050; baseline -0.005 -28"><span class='ocrx_word' id='word_1_190' title='bbox 526 2974 666 3050; x_wconf 90' lang='lat' dir='ltr'><strong>que</strong></span> <span class='ocrx_word' id='word_1_191' title='bbox 708 2964 996 3046; x_wconf 85' lang='lat' dir='ltr'><strong>parente</strong></span> <span class='ocrx_word' id='word_1_192' title='bbox 1029 2945 1180 3025; x_wconf 88' lang='lat' dir='ltr'><strong>acci</strong></span> <span class='ocrx_word' id='word_1_193' title='bbox 1230 2947 1515 3022; x_wconf 88' lang='lat' dir='ltr'><strong>iendum</strong></span> <span class='ocrx_word' id='word_1_194' title='bbox 1557 2947 1676 3021; x_wconf 88' lang='lat' dir='ltr'><strong>est.</strong></span> <span class='ocrx_word' id='word_1_195' title='bbox 1707 2948 1890 3025; x_wconf 85' lang='lat' dir='ltr'><strong>Nam</strong></span> <span class='ocrx_word' id='word_1_196' title='bbox 1921 2944 2028 3016; x_wconf 81' lang='lat' dir='ltr'><strong>in-</strong></span> 
     </span>
     <span class='ocr_line' id='line_1_30' title="bbox 517 2972 2033 3147; baseline 0.001 -23"><span class='ocrx_word' id='word_1_197' title='bbox 517 3066 642 3123; x_wconf 42' lang='lat' dir='ltr'><strong>‘ter</strong></span> <span class='ocrx_word' id='word_1_198' title='bbox 663 3063 893 3147; x_wconf 88' lang='lat' dir='ltr'><strong>patres</strong></span> <span class='ocrx_word' id='word_1_199' title='bbox 915 3044 1130 3119; x_wconf 84' lang='lat' dir='ltr'><strong>etiarn</strong></span> <span class='ocrx_word' id='word_1_200' title='bbox 1159 2972 1479 3146; x_wconf 72' lang='lat' dir='ltr'><strong>{iiibsque</strong></span> <span class='ocrx_word' id='word_1_201' title='bbox 1498 3082 1531 3136; x_wconf 90' lang='lat'><strong>‚·</strong></span> <span class='ocrx_word' id='word_1_202' title='bbox 1555 3046 1711 3122; x_wconf 76' lang='lat' dir='ltr'><strong>cum</strong></span> <span class='ocrx_word' id='word_1_203' title='bbox 1740 3045 2033 3125; x_wconf 69' lang='lat' dir='ltr'><strong>interve:</strong></span> 
     </span>
     <span class='ocr_line' id='line_1_31' title="bbox 516 3140 1899 3248; baseline -0.004 -25"><span class='ocrx_word' id='word_1_204' title='bbox 516 3145 725 3223; x_wconf 72' lang='lat' dir='ltr'><strong>niffet</strong></span> <span class='ocrx_word' id='word_1_205' title='bbox 750 3143 1217 3247; x_wconf 83' lang='lat' dir='ltr'><strong>emancipatio</strong></span> <span class='ocrx_word' id='word_1_206' title='bbox 1241 3199 1268 3242; x_wconf 87' lang='lat'>,</span> <span class='ocrx_word' id='word_1_207' title='bbox 1306 3141 1652 3248; x_wconf 83' lang='lat' dir='ltr'><strong>litigatum</strong></span> <span class='ocrx_word' id='word_1_208' title='bbox 1675 3140 1842 3221; x_wconf 80' lang='lat' dir='ltr'><strong>scic.</strong></span> <span class='ocrx_word' id='word_1_209' title='bbox 1894 3202 1899 3209; x_wconf 84' lang='lat'><em>.</em></span> 
     </span>
    </p>
   </div>
  </div>
 </body>
</html>
