2250 3761
495 184 639 258 DE
710 173 1520 254 stposxnont.
1704 192 1754 268 7

251 301 619 378 tuendum.
671 296 746 369 Si
781 297 856 368 in
898 292 1154 390 scripto
1182 346 1206 383 ‚
1260 289 1332 361 in
1362 312 1497 388 qua
1524 284 1755 385 specie

265 402 424 496 juris
450 423 684 497 pugna
720 394 841 486 fit,
877 392 954 464 &
993 390 1065 461 in
1095 414 1178 462 ea
1217 388 1301 461 de
1336 386 1619 477 verbis,
1661 412 1754 460 an

265 499 629 575 voluntate
681 506 1058 605 quaeratur.
1106 486 1186 560 Id
1225 485 1320 558 ita
1361 485 1757 583 conseque-

257 621 455 686 mur,
480 594 524 666 fi
551 589 795 664 intu1ti
823 586 1158 661 fuerimus
1187 609 1340 682 quae
1362 582 1444 654 fit·
1463 581 1577 655 lex
1595 607 1754 681 quae

247 694 450 766 litem
478 687 702 764 faciat
726 744 749 780 ,
781 688 921 760 hoc
958 681 1055 758 est
1080 739 1103 775 ,
1153 706 1293 779 qua
1315 679 1648 773 judicium
1669 677 1754 753 fit

245 790 780 867 constitutum..
828 780 1221 876 Conjunaa
1257 776 1565 851 defenfio
1602 776 1701 849 est
1718 832 1754 895 ?

303 889 489 961 ualis
520 904 657 984 pro
687 881 983 955 Rabirio
1010 907 1034 968 3
1062 875 1108 950 fi
1141 876 1541 970 occidisset,
1570 874 1755 953 reae

245 909 532 1062 aciffet
559 1037 583 1074 ‚
628 982 750 1056 sed
776 1003 921 1053 non
953 975 1242 1055 occidit.

362 1081 513 1156 Ubi
536 1080 720 1154 verb
737 1077 957 1150 multa
984 1092 1229 1149 contra
1248 1095 1457 1148 unam
1488 1087 1759 1170 propo-⁴

254 1180 596 1256 {itionem
625 1176 921 1250 dicimus
940 1229 963 1265 ,
1001 1171 1450 1271 cogitandum
1482 1168 1579 1243 est
1610 1169 1756 1267 pri-

260 1280 467 1354 mum
502 1273 830 1389 quicquid
865 1271 997 1346 dici
1031 1266 1303 1368 potest:
1334 1287 1483 1340 tum
1515 1292 1607 1342 ex
1641 1266 1754 1340 his

270 1401 425 1472 quo
450 1399 743 1470 quicque
773 1372 939 1445 loco
974 1369 1112 1442 dici
1145 1365 1472 1465 expediat
1503 1420 1527 1457 ‚
1573 1364 1761 1435 ordi-

279 1471 617 1545 nandum.
638 1473 713 1541 In
731 1495 872 1568 quo
900 1491 1043 1540 non
1064 1466 1252 1538 idem
1272 1462 1500 1537 sentio
1519 1512 1542 1547 ,
1568 1457 1764 1558 quod

278 1569 375 1643 de
414 1567 992 1667 propositionibus
1030 1564 1244 1663 paulo
1278 1560 1489 1635 ante:
1535 1557 1764 1658 quod-

271 1690 420 1765 que
461 1667 554 1739 de
592 1664 1014 1764 argumentis
1056 1661 1557 1760 probationum
1598 1658 1761 1730 loco
1829 1676 1960 1728 rom.
1987 1693 2097 1745 ap.

271 1763 618 1854 conceffi,
656 1762 1036 1861 aliquando
1074 1785 1206 1833 nos
1239 1754 1548 1857 incipere
1583 1756 1622 1828 ὲ
1653 1753 1762 1839 fir-
1792 1743 1917 1812 3⁴⁸·

276 1860 649 1934 mioribus,
680 1862 863 1934 Nam
883 1860 988 1933 vis
1011 1856 1464 1958 quaestionum
1488 1854 1763 1953 semper

279 1957 601 2032 crescere
627 1960 835 2032 debet
866 2013 890 2047 ‚
941 1962 1020 2034 &
1063 1957 1149 2030 ad
1178 1948 1642 2055 potentiffima
1673 1952 1762 2025 ab

272 2054 739 2130 infirmiffimis
766 2054 1141 2155 pervenire
1164 2110 1187 2147 ‚
1229 2051 1372 2128 five
1397 2050 1550 2126 sunt
1581 2050 1769 2148 ejus-¹

279 2154 444 2228 dem
470 2154 744 2254 generis
764 2210 787 2243 ‚
825 2153 966 2227 five
991 2153 1263 2227 diversi.
1288 2205 1305 2225 .
1483 2147 1487 2151 ’
1601 2217 1609 2222 ,

360 2255 461 2327 V.
497 2251 933 2326 SOLEBAM
960 2250 1096 2325 hoc
1119 2250 1347 2326 facere
1372 2247 1761 2348 praecipue,

192 2445 203 2454 „
275 2366 361 2424 ut
389 2350 514 2426 vel
554 2350 645 2428 ab
682 2349 930 2423 ultima
974 2348 1204 2447 specie
1251 2350 1470 2446 (nam
1506 2372 1588 2421 ea
1613 2347 1765 2420 fere
1877 2423 1880 2430 Α,

277 2447 435 2540 esto,
486 2472 643 2545 quae
670 2449 985 2521 continet
1013 2446 1348 2545 causam)
1382 2444 1769 2516 retrorsum

280 2569 677 2644 quaererem
716 2544 932 2645 usque
977 2545 1063 2617 ad
1120 2544 1418 2641 primam
1472 2562 1770 2636 genera-

283 2642 438 2713 lem
455 2640 899 2736 -quaestionem
927 2633 959 2729 J
989 2642 1111 2718 vel
1149 2642 1186 2715 a
1224 2659 1480 2740 genere
1512 2635 1599 2709 ad
1641 2662 1770 2714 ex-

285 2753 588 2810 tremam
617 2737 911 2835 speciem
954 2740 1444 2816 descenderem
1476 2792 1499 2828 ,
1550 2737 1767 2813 etiam

276 2835 357 2909 in
406 2833 747 2912 suasoriis.
806 2842 906 2913 Ut
952 2838 1297 2913 deliberat
1341 2841 1575 2909 Numa
1608 2894 1631 2931 ,
1675 2865 1767 2912 an

275 2959 570 3030 regnum
598 2937 1054 3012 offerentibus
1081 2933 1413 3011 Romanis
1446 2936 1768 3033 recipiat.

278 3030 583 3144 Primum
628 3033 703 3107 id
741 3035 839 3108 est
863 3058 1079 3133 genus
1103 3090 1128 3127 ‚
1172 3061 1261 3109 an
1290 3033 1715 3130 regnandum
1739 3084 1768 3123 ,

280 3151 374 3204 an
417 3154 490 3204 m
536 3131 832 3211 civitate
879 3132 1102 3208 aliena
1129 3186 1155 3229 ,
1198 3158 1285 3213 an
1331 3132 1577 3201 Romae
1605 3175 1636 3226 ,-
1675 3153 1769 3205 an

1307 3230 1371 3301 A
1402 3225 1480 3305 iv
