<?xml version="1.0" encoding="UTF-8"?>
<!DOCTYPE html PUBLIC "-//W3C//DTD XHTML 1.0 Transitional//EN"
    "http://www.w3.org/TR/xhtml1/DTD/xhtml1-transitional.dtd">
<html xmlns="http://www.w3.org/1999/xhtml" xml:lang="en" lang="en">
 <head>
  <title>
</title>
<meta http-equiv="Content-Type" content="text/html;charset=utf-8" />
  <meta name='ocr-system' content='tesseract 3.04.00' />
  <meta name='ocr-capabilities' content='ocr_page ocr_carea ocr_par ocr_line ocrx_word'/>
</head>
<body>
  <div class='ocr_page' id='page_1' title='image "./marcifabiiquint00quingoog_0089.png"; bbox 0 0 2250 3761; ppageno 0'>
   <div class='ocr_carea' id='block_1_1' title="bbox 538 108 1812 374">
    <p class='ocr_par' dir='ltr' id='par_1_1' title="bbox 538 108 1812 374">
     <span class='ocr_line' id='line_1_1' title="bbox 538 108 1812 225; baseline 0.027 -56"><span class='ocrx_word' id='word_1_1' title='bbox 538 108 696 187; x_wconf 61' lang='grc' dir='ltr'>Ὡς,</span> <span class='ocrx_word' id='word_1_2' title='bbox 769 111 1473 225; x_wconf 64' lang='lat' dir='ltr'>stu-murus:</span> <span class='ocrx_word' id='word_1_3' title='bbox 1712 144 1812 222; x_wconf 64' lang='lat'>77·²</span> 
     </span>
     <span class='ocr_line' id='line_1_2' title="bbox 710 288 1452 374; baseline 0.022 -17"><span class='ocrx_word' id='word_1_4' title='bbox 710 293 782 368; x_wconf 87' lang='lat' dir='ltr'>C</span> <span class='ocrx_word' id='word_1_5' title='bbox 838 291 905 364; x_wconf 87' lang='lat' dir='ltr'>A</span> <span class='ocrx_word' id='word_1_6' title='bbox 957 288 1011 363; x_wconf 90' lang='lat' dir='ltr'>P</span> <span class='ocrx_word' id='word_1_7' title='bbox 1067 291 1138 367; x_wconf 92' lang='lat' dir='ltr'><strong>U</strong></span> <span class='ocrx_word' id='word_1_8' title='bbox 1202 296 1270 367; x_wconf 90' lang='lat' dir='ltr'>T</span> <span class='ocrx_word' id='word_1_9' title='bbox 1348 297 1452 374; x_wconf 68' lang='lat' dir='ltr'>V.v</span> 
     </span>
    </p>
   </div>
   <div class='ocr_carea' id='block_1_2' title="bbox 549 468 1601 551">
    <p class='ocr_par' dir='ltr' id='par_1_2' title="bbox 549 468 1601 551">
     <span class='ocr_line' id='line_1_3' title="bbox 549 468 1601 551; baseline 0.002 -8"><span class='ocrx_word' id='word_1_10' title='bbox 549 468 713 543; x_wconf 68' lang='lat' dir='ltr'>DE</span> <span class='ocrx_word' id='word_1_11' title='bbox 808 472 1601 551; x_wconf 71' lang='grc' dir='ltr'><strong>ΒεΝτΕΝτῐις.</strong></span> 
     </span>
    </p>
   </div>
   <div class='ocr_carea' id='block_1_3' title="bbox 274 604 1832 1027">
    <p class='ocr_par' dir='ltr' id='par_1_3' title="bbox 274 604 1832 1027">
     <span class='ocr_line' id='line_1_4' title="bbox 298 604 1826 697; baseline 0.007 -30"><span class='ocrx_word' id='word_1_12' title='bbox 298 685 307 693; x_wconf 26' lang='grc' dir='ltr'>ι</span> <span class='ocrx_word' id='word_1_13' title='bbox 380 604 432 667; x_wconf 84' lang='grc' dir='ltr'>Ι.</span> <span class='ocrx_word' id='word_1_14' title='bbox 467 616 633 694; x_wconf 78' lang='lat' dir='ltr'><strong><em>Quot</em></strong></span> <span class='ocrx_word' id='word_1_15' title='bbox 664 613 798 693; x_wconf 74' lang='lat' dir='ltr'>fient</span> <span class='ocrx_word' id='word_1_16' title='bbox 842 632 1041 693; x_wconf 80' lang='lat' dir='ltr'><em>genera</em></span> <span class='ocrx_word' id='word_1_17' title='bbox 1066 610 1468 689; x_wconf 81' lang='lat' dir='ltr'><em>sententiarum.</em></span> <span class='ocrx_word' id='word_1_18' title='bbox 1508 618 1782 678; x_wconf 80' lang='lat' dir='ltr'><em>Sententia</em></span> <span class='ocrx_word' id='word_1_19' title='bbox 1804 666 1826 697; x_wconf 91' lang='lat'>‚</span> 
     </span>
     <span class='ocr_line' id='line_1_5' title="bbox 286 687 1825 779; baseline 0.009 -32"><span class='ocrx_word' id='word_1_20' title='bbox 286 687 385 767; x_wconf 64' lang='lat' dir='ltr'>siu</span> <span class='ocrx_word' id='word_1_21' title='bbox 448 696 639 769; x_wconf 62' lang='grc' dir='ltr'><strong><em>ῃόμι.</em></strong></span> <span class='ocrx_word' id='word_1_22' title='bbox 679 728 815 743; x_wconf 90' lang='grc'>--</span> <span class='ocrx_word' id='word_1_23' title='bbox 844 697 1206 773; x_wconf 84' lang='lat' dir='ltr'><em>Enthymema</em></span> <span class='ocrx_word' id='word_1_24' title='bbox 1250 739 1275 765; x_wconf 88' lang='lat'><em>,</em></span> <span class='ocrx_word' id='word_1_25' title='bbox 1343 698 1399 757; x_wconf 70' lang='lat' dir='ltr'>G·</span> <span class='ocrx_word' id='word_1_26' title='bbox 1438 701 1825 779; x_wconf 70' lang='lat' dir='ltr'><em>Epiphaneam.</em></span> 
     </span>
     <span class='ocr_line' id='line_1_6' title="bbox 286 770 1827 861; baseline 0.008 -29"><span class='ocrx_word' id='word_1_27' title='bbox 286 770 435 824; x_wconf 70' lang='grc' dir='ltr'>ἰ-ἴ-</span> <span class='ocrx_word' id='word_1_28' title='bbox 455 778 671 852; x_wconf 74' lang='grc' dir='ltr'>Νόιιμει.</span> <span class='ocrx_word' id='word_1_29' title='bbox 716 792 860 816; x_wconf 76' lang='grc'>····</span> <span class='ocrx_word' id='word_1_30' title='bbox 882 776 1161 856; x_wconf 74' lang='lat' dir='ltr'><em>Claufitla.</em></span> <span class='ocrx_word' id='word_1_31' title='bbox 1203 776 1232 836; x_wconf 90' lang='lat' dir='ltr'>I</span> <span class='ocrx_word' id='word_1_32' title='bbox 1252 777 1297 839; x_wconf 90' lang='grc' dir='ltr'>Ι.</span> <span class='ocrx_word' id='word_1_33' title='bbox 1355 781 1488 841; x_wconf 83' lang='lat' dir='ltr'><em>Alii</em></span> <span class='ocrx_word' id='word_1_34' title='bbox 1532 782 1827 861; x_wconf 63' lang='lat' dir='ltr'><em>sententias</em></span> 
     </span>
     <span class='ocr_line' id='line_1_7' title="bbox 274 863 1832 949; baseline -0.003 -20"><span class='ocrx_word' id='word_1_35' title='bbox 274 870 437 949; x_wconf 78' lang='lat' dir='ltr'><em>solas</em></span> <span class='ocrx_word' id='word_1_36' title='bbox 461 863 1028 946; x_wconf 73' lang='lat' dir='ltr'>fielamur.-·Alii</span> <span class='ocrx_word' id='word_1_37' title='bbox 1051 884 1149 921; x_wconf 81' lang='lat' dir='ltr'>eas</span> <span class='ocrx_word' id='word_1_38' title='bbox 1179 863 1391 924; x_wconf 77' lang='lat' dir='ltr'><strong><em>omnino</em></strong></span> <span class='ocrx_word' id='word_1_39' title='bbox 1424 866 1697 927; x_wconf 81' lang='lat' dir='ltr'><em>damnant.</em></span> <span class='ocrx_word' id='word_1_40' title='bbox 1731 907 1832 925; x_wconf 64' lang='lat'>...-</span> 
     </span>
     <span class='ocr_line' id='line_1_8' title="bbox 290 946 1792 1027; baseline -0.002 -15"><span class='ocrx_word' id='word_1_41' title='bbox 290 953 505 1017; x_wconf 78' lang='lat' dir='ltr'><em>Neutri</em></span> <span class='ocrx_word' id='word_1_42' title='bbox 526 949 659 1009; x_wconf 68' lang='grc' dir='ltr'>ηᾶὲ</span> <span class='ocrx_word' id='word_1_43' title='bbox 671 946 934 1027; x_wconf 77' lang='lat' dir='ltr'><em>fintiunt.</em></span> <span class='ocrx_word' id='word_1_44' title='bbox 1785 976 1792 987; x_wconf 58' lang='lat'><em>*</em></span> 
     </span>
    </p>
   </div>
   <div class='ocr_carea' id='block_1_4' title="bbox 291 1104 1828 3070">
    <p class='ocr_par' dir='ltr' id='par_1_4' title="bbox 291 1104 1828 3070">
     <span class='ocr_line' id='line_1_9' title="bbox 300 1104 1827 1288; baseline -0.001 -103"><span class='ocrx_word' id='word_1_45' title='bbox 300 1115 359 1187; x_wconf 84' lang='grc' dir='ltr'>Ι.</span> <span class='ocrx_word' id='word_1_46' title='bbox 386 1122 489 1288; x_wconf 83' lang='lat' dir='ltr'>S</span> <span class='ocrx_word' id='word_1_47' title='bbox 524 1104 1088 1184; x_wconf 86' lang='lat' dir='ltr'>ENTENTIAM</span> <span class='ocrx_word' id='word_1_48' title='bbox 1128 1123 1411 1183; x_wconf 84' lang='lat' dir='ltr'>veteres</span> <span class='ocrx_word' id='word_1_49' title='bbox 1442 1110 1634 1208; x_wconf 87' lang='lat' dir='ltr'>quod</span> <span class='ocrx_word' id='word_1_50' title='bbox 1683 1110 1827 1184; x_wconf 82' lang='lat' dir='ltr'>ani-</span> 
     </span>
     <span class='ocr_line' id='line_1_10' title="bbox 517 1205 1825 1283; baseline 0.001 -3"><span class='ocrx_word' id='word_1_51' title='bbox 517 1233 640 1281; x_wconf 87' lang='lat' dir='ltr'>mo</span> <span class='ocrx_word' id='word_1_52' title='bbox 676 1205 1024 1282; x_wconf 74' lang='lat' dir='ltr'>senfiss‘ent</span> <span class='ocrx_word' id='word_1_53' title='bbox 1050 1226 1518 1283; x_wconf 85' lang='lat' dir='ltr'><strong>vocaverunt.</strong></span> <span class='ocrx_word' id='word_1_54' title='bbox 1555 1208 1630 1280; x_wconf 93' lang='lat' dir='ltr'>Id</span> <span class='ocrx_word' id='word_1_55' title='bbox 1663 1211 1825 1281; x_wconf 65' lang='lat' dir='ltr'>etun</span> 
     </span>
     <span class='ocr_line' id='line_1_11' title="bbox 320 1303 1827 1402; baseline -0.001 -23"><span class='ocrx_word' id='word_1_56' title='bbox 320 1305 426 1379; x_wconf 80' lang='lat' dir='ltr'>est</span> <span class='ocrx_word' id='word_1_57' title='bbox 439 1308 623 1402; x_wconf 78' lang='lat' dir='ltr'>apud</span> <span class='ocrx_word' id='word_1_58' title='bbox 643 1323 961 1378; x_wconf 84' lang='lat' dir='ltr'>oratores</span> <span class='ocrx_word' id='word_1_59' title='bbox 981 1303 1602 1402; x_wconf 85' lang='lat' dir='ltr'>frequentiffimum</span> <span class='ocrx_word' id='word_1_60' title='bbox 1625 1361 1648 1396; x_wconf 91' lang='lat'><strong>,</strong></span> <span class='ocrx_word' id='word_1_61' title='bbox 1674 1323 1827 1378; x_wconf 89' lang='lat' dir='ltr'>tum</span> 
     </span>
     <span class='ocr_line' id='line_1_12' title="bbox 316 1400 1828 1501; baseline -0.001 -24"><span class='ocrx_word' id='word_1_62' title='bbox 316 1403 547 1479; x_wconf 79' lang='lat' dir='ltr'>etiam</span> <span class='ocrx_word' id='word_1_63' title='bbox 576 1400 649 1473; x_wconf 89' lang='lat' dir='ltr'>in</span> <span class='ocrx_word' id='word_1_64' title='bbox 673 1403 791 1476; x_wconf 89' lang='lat' dir='ltr'>usu</span> <span class='ocrx_word' id='word_1_65' title='bbox 836 1401 1262 1499; x_wconf 87' lang='lat' dir='ltr'>quotidiano</span> <span class='ocrx_word' id='word_1_66' title='bbox 1291 1402 1621 1501; x_wconf 79' lang='lat' dir='ltr'>quasdam</span> <span class='ocrx_word' id='word_1_67' title='bbox 1663 1403 1828 1478; x_wconf 86' lang='lat' dir='ltr'>reli-</span> 
     </span>
     <span class='ocr_line' id='line_1_13' title="bbox 297 1500 1826 1602; baseline 0.002 -28"><span class='ocrx_word' id='word_1_68' title='bbox 297 1500 513 1602; x_wconf 79' lang='lat' dir='ltr'>quias</span> <span class='ocrx_word' id='word_1_69' title='bbox 553 1501 782 1575; x_wconf 80' lang='lat' dir='ltr'><strong>habet.</strong></span> <span class='ocrx_word' id='word_1_70' title='bbox 822 1502 1009 1573; x_wconf 86' lang='lat' dir='ltr'>Nam</span> <span class='ocrx_word' id='word_1_71' title='bbox 1052 1501 1129 1588; x_wconf 84' lang='lat'>&amp;</span> <span class='ocrx_word' id='word_1_72' title='bbox 1163 1500 1458 1596; x_wconf 84' lang='lat' dir='ltr'><strong>juraturi</strong></span> <span class='ocrx_word' id='word_1_73' title='bbox 1503 1527 1592 1574; x_wconf 85' lang='lat' dir='ltr'>ex</span> <span class='ocrx_word' id='word_1_74' title='bbox 1613 1502 1826 1577; x_wconf 84' lang='lat' dir='ltr'>animi</span> 
     </span>
     <span class='ocr_line' id='line_1_14' title="bbox 294 1598 1825 1696; baseline -0.001 -22"><span class='ocrx_word' id='word_1_75' title='bbox 294 1600 520 1674; x_wconf 85' lang='lat' dir='ltr'>nostri</span> <span class='ocrx_word' id='word_1_76' title='bbox 556 1598 907 1676; x_wconf 87' lang='lat' dir='ltr'>sententia</span> <span class='ocrx_word' id='word_1_77' title='bbox 930 1653 952 1687; x_wconf 89' lang='lat'>‚</span> <span class='ocrx_word' id='word_1_78' title='bbox 1007 1601 1085 1672; x_wconf 87' lang='lat'>&amp;</span> <span class='ocrx_word' id='word_1_79' title='bbox 1113 1600 1537 1696; x_wconf 84' lang='lat' dir='ltr'>gratulantes</span> <span class='ocrx_word' id='word_1_80' title='bbox 1559 1625 1648 1673; x_wconf 87' lang='lat' dir='ltr'>ex</span> <span class='ocrx_word' id='word_1_81' title='bbox 1671 1602 1825 1673; x_wconf 87' lang='lat' dir='ltr'><strong>sen-</strong></span> 
     </span>
     <span class='ocr_line' id='line_1_15' title="bbox 306 1696 1822 1773; baseline 0.001 -2"><span class='ocrx_word' id='word_1_82' title='bbox 306 1699 528 1773; x_wconf 87' lang='lat' dir='ltr'>tentia</span> <span class='ocrx_word' id='word_1_83' title='bbox 561 1697 884 1773; x_wconf 85' lang='lat' dir='ltr'><strong>dicimus.</strong></span> <span class='ocrx_word' id='word_1_84' title='bbox 918 1697 1086 1769; x_wconf 90' lang='lat' dir='ltr'>Non</span> <span class='ocrx_word' id='word_1_85' title='bbox 1127 1696 1293 1770; x_wconf 57' lang='lat' dir='ltr'><strong>rari)</strong></span> <span class='ocrx_word' id='word_1_86' title='bbox 1344 1713 1582 1771; x_wconf 86' lang='lat' dir='ltr'><strong>tamen</strong></span> <span class='ocrx_word' id='word_1_87' title='bbox 1612 1702 1690 1772; x_wconf 89' lang='lat'>&amp;</span> <span class='ocrx_word' id='word_1_88' title='bbox 1730 1700 1822 1773; x_wconf 87' lang='lat' dir='ltr'>fic</span> 
     </span>
     <span class='ocr_line' id='line_1_16' title="bbox 295 1794 1822 1888; baseline 0.002 -21"><span class='ocrx_word' id='word_1_89' title='bbox 295 1796 532 1867; x_wconf 73' lang='lat' dir='ltr'>locuti</span> <span class='ocrx_word' id='word_1_90' title='bbox 558 1797 716 1868; x_wconf 80' lang='lat' dir='ltr'>sunt</span> <span class='ocrx_word' id='word_1_91' title='bbox 735 1852 758 1888; x_wconf 83' lang='lat'>,</span> <span class='ocrx_word' id='word_1_92' title='bbox 790 1815 871 1869; x_wconf 87' lang='lat' dir='ltr'>ut</span> <span class='ocrx_word' id='word_1_93' title='bbox 907 1794 1095 1868; x_wconf 86' lang='lat' dir='ltr'>sensa</span> <span class='ocrx_word' id='word_1_94' title='bbox 1124 1795 1240 1867; x_wconf 82' lang='lat' dir='ltr'>sua</span> <span class='ocrx_word' id='word_1_95' title='bbox 1267 1795 1586 1870; x_wconf 85' lang='lat' dir='ltr'>dicerent</span> <span class='ocrx_word' id='word_1_96' title='bbox 1614 1825 1630 1868; x_wconf 76' lang='grc' dir='ltr'><strong><em>ε</em></strong></span> <span class='ocrx_word' id='word_1_97' title='bbox 1657 1823 1822 1870; x_wconf 82' lang='lat' dir='ltr'>nam</span> 
     </span>
     <span class='ocr_line' id='line_1_17' title="bbox 314 1892 1823 1990; baseline 0.003 -26"><span class='ocrx_word' id='word_1_98' title='bbox 314 1892 551 1965; x_wconf 82' lang='lat' dir='ltr'>sensus</span> <span class='ocrx_word' id='word_1_99' title='bbox 579 1948 603 1985; x_wconf 86' lang='lat'>‚</span> <span class='ocrx_word' id='word_1_100' title='bbox 638 1894 944 1990; x_wconf 87' lang='lat' dir='ltr'>corporis</span> <span class='ocrx_word' id='word_1_101' title='bbox 991 1895 1437 1968; x_wconf 83' lang='lat' dir='ltr'><strong>videbantur.</strong></span> <span class='ocrx_word' id='word_1_102' title='bbox 1477 1897 1609 1968; x_wconf 88' lang='lat' dir='ltr'>Sed</span> <span class='ocrx_word' id='word_1_103' title='bbox 1650 1921 1823 1970; x_wconf 87' lang='lat' dir='ltr'><strong>con·-</strong></span> 
     </span>
     <span class='ocr_line' id='line_1_18' title="bbox 310 1989 1821 2092; baseline 0.003 -29"><span class='ocrx_word' id='word_1_104' title='bbox 310 1989 617 2065; x_wconf 83' lang='lat' dir='ltr'>suetudo</span> <span class='ocrx_word' id='word_1_105' title='bbox 652 1989 787 2081; x_wconf 85' lang='lat' dir='ltr'>jam</span> <span class='ocrx_word' id='word_1_106' title='bbox 807 1992 1028 2066; x_wconf 87' lang='lat' dir='ltr'>tenuit</span> <span class='ocrx_word' id='word_1_107' title='bbox 1064 2043 1089 2078; x_wconf 89' lang='lat'><strong><em>,</em></strong></span> <span class='ocrx_word' id='word_1_108' title='bbox 1139 2009 1217 2063; x_wconf 91' lang='lat' dir='ltr'>ut</span> <span class='ocrx_word' id='word_1_109' title='bbox 1238 2011 1473 2065; x_wconf 88' lang='lat' dir='ltr'>mente</span> <span class='ocrx_word' id='word_1_110' title='bbox 1517 2019 1821 2092; x_wconf 88' lang='lat' dir='ltr'>concep-</span> 
     </span>
     <span class='ocr_line' id='line_1_19' title="bbox 298 2088 1817 2185; baseline 0.001 -23"><span class='ocrx_word' id='word_1_111' title='bbox 298 2105 381 2162; x_wconf 70' lang='lat' dir='ltr'>ta·</span> <span class='ocrx_word' id='word_1_112' title='bbox 416 2143 442 2177; x_wconf 93' lang='lat'><strong><em>,</em></strong></span> <span class='ocrx_word' id='word_1_113' title='bbox 491 2088 718 2163; x_wconf 80' lang='lat' dir='ltr'>sensus</span> <span class='ocrx_word' id='word_1_114' title='bbox 742 2114 1204 2165; x_wconf 83' lang='lat' dir='ltr'><strong>vocaremus:</strong></span> <span class='ocrx_word' id='word_1_115' title='bbox 1236 2089 1495 2164; x_wconf 85' lang='lat' dir='ltr'>lumina</span> <span class='ocrx_word' id='word_1_116' title='bbox 1530 2097 1817 2185; x_wconf 76' lang='lat' dir='ltr'>autem,</span> 
     </span>
     <span class='ocr_line' id='line_1_20' title="bbox 296 2187 1823 2288; baseline 0.003 -29"><span class='ocrx_word' id='word_1_117' title='bbox 296 2188 795 2288; x_wconf 54' lang='lat' dir='ltr'>praecipufique</span> <span class='ocrx_word' id='word_1_118' title='bbox 829 2189 902 2260; x_wconf 84' lang='lat' dir='ltr'>in</span> <span class='ocrx_word' id='word_1_119' title='bbox 935 2187 1254 2261; x_wconf 86' lang='lat' dir='ltr'>clausulis</span> <span class='ocrx_word' id='word_1_120' title='bbox 1288 2188 1504 2286; x_wconf 85' lang='lat' dir='ltr'>pofita</span> <span class='ocrx_word' id='word_1_121' title='bbox 1527 2191 1823 2281; x_wconf 73' lang='lat' dir='ltr'>‚senteu-</span> 
     </span>
     <span class='ocr_line' id='line_1_21' title="bbox 293 2286 1820 2385; baseline 0.002 -28"><span class='ocrx_word' id='word_1_122' title='bbox 293 2286 458 2362; x_wconf 82' lang='lat' dir='ltr'><strong>tias,</strong></span> <span class='ocrx_word' id='word_1_123' title='bbox 494 2291 680 2381; x_wconf 78' lang='lat' dir='ltr'>Quae</span> <span class='ocrx_word' id='word_1_124' title='bbox 701 2287 930 2359; x_wconf 81' lang='lat' dir='ltr'>minus</span> <span class='ocrx_word' id='word_1_125' title='bbox 951 2288 1195 2361; x_wconf 87' lang='lat' dir='ltr'><strong>crebra</strong></span> <span class='ocrx_word' id='word_1_126' title='bbox 1222 2289 1408 2384; x_wconf 89' lang='lat' dir='ltr'>apud</span> <span class='ocrx_word' id='word_1_127' title='bbox 1437 2288 1768 2385; x_wconf 88' lang='lat' dir='ltr'>antiquos</span> <span class='ocrx_word' id='word_1_128' title='bbox 1794 2340 1820 2377; x_wconf 92' lang='lat'>‚</span> 
     </span>
     <span class='ocr_line' id='line_1_22' title="bbox 294 2384 1824 2480; baseline 0.001 -26"><span class='ocrx_word' id='word_1_129' title='bbox 294 2384 552 2456; x_wconf 80' lang='lat' dir='ltr'>nostris</span> <span class='ocrx_word' id='word_1_130' title='bbox 580 2384 1020 2480; x_wconf 85' lang='lat' dir='ltr'>temporibus</span> <span class='ocrx_word' id='word_1_131' title='bbox 1065 2385 1286 2458; x_wconf 89' lang='lat' dir='ltr'>modo</span> <span class='ocrx_word' id='word_1_132' title='bbox 1320 2401 1588 2458; x_wconf 81' lang='lat' dir='ltr'><strong>carent.</strong></span> <span class='ocrx_word' id='word_1_133' title='bbox 1621 2384 1824 2455; x_wconf 74' lang='lat' dir='ltr'>Ideb-</span> 
     </span>
     <span class='ocr_line' id='line_1_23' title="bbox 308 2480 1822 2579; baseline 0.004 -30"><span class='ocrx_word' id='word_1_134' title='bbox 308 2503 459 2575; x_wconf 88' lang='lat' dir='ltr'>que</span> <span class='ocrx_word' id='word_1_135' title='bbox 490 2480 663 2550; x_wconf 68' lang='lat' dir='ltr'>mihi</span> <span class='ocrx_word' id='word_1_136' title='bbox 684 2485 764 2553; x_wconf 71' lang='grc' dir='ltr'>δι</span> <span class='ocrx_word' id='word_1_137' title='bbox 785 2481 871 2552; x_wconf 79' lang='lat' dir='ltr'>de</span> <span class='ocrx_word' id='word_1_138' title='bbox 897 2484 1268 2579; x_wconf 82' lang='lat' dir='ltr'>generibus</span> <span class='ocrx_word' id='word_1_139' title='bbox 1296 2503 1546 2552; x_wconf 82' lang='lat' dir='ltr'><strong>earum</strong></span> <span class='ocrx_word' id='word_1_140' title='bbox 1573 2532 1599 2571; x_wconf 89' lang='lat'>,</span> <span class='ocrx_word' id='word_1_141' title='bbox 1630 2483 1709 2553; x_wconf 91' lang='lat'>&amp;</span> <span class='ocrx_word' id='word_1_142' title='bbox 1733 2480 1822 2565; x_wconf 74' lang='lat' dir='ltr'>de</span> 
     </span>
     <span class='ocr_line' id='line_1_24' title="bbox 304 2574 1452 2676; baseline 0.004 -31"><span class='ocrx_word' id='word_1_143' title='bbox 304 2574 447 2648; x_wconf 84' lang='lat' dir='ltr'>usu</span> <span class='ocrx_word' id='word_1_144' title='bbox 502 2576 806 2648; x_wconf 86' lang='lat' dir='ltr'>arbitror</span> <span class='ocrx_word' id='word_1_145' title='bbox 855 2603 1074 2676; x_wconf 84' lang='lat' dir='ltr'>pauca</span> <span class='ocrx_word' id='word_1_146' title='bbox 1129 2576 1452 2654; x_wconf 87' lang='lat' dir='ltr'><strong>dicenda.</strong></span> 
     </span>
     <span class='ocr_line' id='line_1_25' title="bbox 406 2672 1822 2777; baseline 0.006 -31"><span class='ocrx_word' id='word_1_147' title='bbox 406 2672 898 2773; x_wconf 84' lang='lat' dir='ltr'>Antiquiffimae</span> <span class='ocrx_word' id='word_1_148' title='bbox 960 2679 1116 2751; x_wconf 89' lang='lat' dir='ltr'><strong>sunt</strong></span> <span class='ocrx_word' id='word_1_149' title='bbox 1148 2733 1171 2771; x_wconf 86' lang='lat'><strong>,</strong></span> <span class='ocrx_word' id='word_1_150' title='bbox 1212 2700 1368 2775; x_wconf 83' lang='lat' dir='ltr'>quae</span> <span class='ocrx_word' id='word_1_151' title='bbox 1451 2677 1737 2777; x_wconf 64' lang='lat' dir='ltr'>propri&amp;</span> <span class='ocrx_word' id='word_1_152' title='bbox 1763 2759 1768 2768; x_wconf 54' lang='grc'><strong>,</strong></span> <span class='ocrx_word' id='word_1_153' title='bbox 1786 2697 1822 2769; x_wconf 86' lang='grc'>,·</span> 
     </span>
     <span class='ocr_line' id='line_1_26' title="bbox 299 2773 1820 2873; baseline 0.007 -28"><span class='ocrx_word' id='word_1_154' title='bbox 299 2773 638 2871; x_wconf 80' lang='lat' dir='ltr'><strong>quamvis</strong></span> <span class='ocrx_word' id='word_1_155' title='bbox 668 2776 986 2851; x_wconf 88' lang='lat' dir='ltr'>omnibus</span> <span class='ocrx_word' id='word_1_156' title='bbox 1010 2778 1198 2849; x_wconf 88' lang='lat' dir='ltr'>idem</span> <span class='ocrx_word' id='word_1_157' title='bbox 1233 2776 1313 2849; x_wconf 85' lang='lat' dir='ltr'>fit</span> <span class='ocrx_word' id='word_1_158' title='bbox 1334 2799 1593 2852; x_wconf 89' lang='lat' dir='ltr'>nomen</span> <span class='ocrx_word' id='word_1_159' title='bbox 1613 2834 1637 2873; x_wconf 89' lang='lat'>,</span> <span class='ocrx_word' id='word_1_160' title='bbox 1662 2778 1820 2868; x_wconf 66' lang='lat' dir='ltr'>sen-</span> 
     </span>
     <span class='ocr_line' id='line_1_27' title="bbox 294 2870 1820 2973; baseline 0.003 -30"><span class='ocrx_word' id='word_1_161' title='bbox 294 2870 537 2945; x_wconf 81' lang='lat' dir='ltr'><strong>tentiae</strong></span> <span class='ocrx_word' id='word_1_162' title='bbox 557 2892 902 2949; x_wconf 82' lang='lat' dir='ltr'>vocantur</span> <span class='ocrx_word' id='word_1_163' title='bbox 917 2929 941 2966; x_wconf 86' lang='lat'>‚</span> <span class='ocrx_word' id='word_1_164' title='bbox 974 2899 1147 2973; x_wconf 83' lang='lat' dir='ltr'>quas</span> <span class='ocrx_word' id='word_1_165' title='bbox 1167 2873 1400 2950; x_wconf 86' lang='lat' dir='ltr'><strong>Graeci</strong></span> <span class='ocrx_word' id='word_1_166' title='bbox 1433 2878 1675 2965; x_wconf 58' lang='grc' dir='ltr'>γνώμας</span> <span class='ocrx_word' id='word_1_167' title='bbox 1696 2903 1820 2973; x_wconf 85' lang='lat' dir='ltr'>ap-</span> 
     </span>
     <span class='ocr_line' id='line_1_28' title="bbox 291 2969 1815 3070; baseline 0.001 -28"><span class='ocrx_word' id='word_1_168' title='bbox 291 2969 579 3065; x_wconf 84' lang='lat' dir='ltr'><strong>pellant.</strong></span> <span class='ocrx_word' id='word_1_169' title='bbox 622 2974 1029 3070; x_wconf 88' lang='lat' dir='ltr'><strong>Utrumque</strong></span> <span class='ocrx_word' id='word_1_170' title='bbox 1061 2983 1295 3048; x_wconf 74' lang='lat' dir='ltr'><strong>autem</strong></span> <span class='ocrx_word' id='word_1_171' title='bbox 1320 2998 1584 3047; x_wconf 89' lang='lat' dir='ltr'>nomen</span> <span class='ocrx_word' id='word_1_172' title='bbox 1609 2997 1696 3043; x_wconf 81' lang='lat' dir='ltr'>ex</span> <span class='ocrx_word' id='word_1_173' title='bbox 1723 2997 1815 3044; x_wconf 87' lang='lat' dir='ltr'>eo</span> 
     </span>
    </p>
   </div>
   <div class='ocr_carea' id='block_1_5' title="bbox 297 3063 1816 3268">
    <p class='ocr_par' dir='ltr' id='par_1_5' title="bbox 297 3063 1816 3268">
     <span class='ocr_line' id='line_1_29' title="bbox 297 3063 1816 3243; baseline 0.002 -102"><span class='ocrx_word' id='word_1_174' title='bbox 297 3089 722 3167; x_wconf 82' lang='lat' dir='ltr'>acceperunt</span> <span class='ocrx_word' id='word_1_175' title='bbox 749 3124 777 3170; x_wconf 83' lang='lat'>‚</span> <span class='ocrx_word' id='word_1_176' title='bbox 828 3071 1026 3171; x_wconf 72' lang='lat' dir='ltr'>qubd</span> <span class='ocrx_word' id='word_1_177' title='bbox 1054 3070 1304 3158; x_wconf 78' lang='lat' dir='ltr'>ssmiles</span> <span class='ocrx_word' id='word_1_178' title='bbox 1340 3063 1816 3243; x_wconf 31' lang='lat' dir='ltr'>guy-&#39;confluis</span> 
     </span>
     <span class='ocr_line' id='line_1_30' title="bbox 1462 3192 1533 3268; baseline -0.028 -27"><span class='ocrx_word' id='word_1_179' title='bbox 1462 3192 1533 3268; x_wconf 64' lang='lat' dir='ltr'>ll]</span> 
     </span>
    </p>
   </div>
  </div>
 </body>
</html>
