2250 3761
501 104 643 178 DE·
693 122 944 178 COPIA
995 104 1499 179 Vennonvm.
1634 112 1771 206 ¹87

252 222 431 296 licet
448 278 470 312 ‚
497 222 642 296 five
667 223 944 293 dubites
965 276 990 311 ‚
1025 221 1174 293 five
1191 223 1553 294 memoriae
1574 228 1770 322 peni-

250 340 371 394 tus
393 321 674 418 affigere
691 320 894 393 velis,
925 320 1354 415 Repetamus
1380 340 1613 394 autem
1637 381 1660 414 ‚
1690 329 1771 398 δε

248 419 669 491 tractemus:
700 419 777 489 δε
805 437 884 489 ut
922 417 1117 489 cibos
1144 417 1416 490 mansos
1441 445 1521 493 ac
1548 425 1772 518 prope

245 516 664 614 liquefaaos
729 515 1164 588 demittimus
1201 570 1223 605 ‚
1288 542 1433 614 quo
1497 518 1767 592 facilins

246 616 653 713 digerantur
694 639 718 700 ;
762 614 857 684 ita
898 613 1103 686 lenio
1151 638 1294 685 non
1337 616 1543 688 cruda
1579 672 1602 707 ‚
1647 617 1767 690 sed

246 712 466 784 multa
492 711 869 785 iteratione
895 711 1169 783 mollita
1193 760 1220 800 ³
1267 713 1345 784 ὅ(
1372 713 1568 786 velut
1599 738 1766 788 con-

231 799 421 884 'fefta
451 865 476 903 ‚
529 808 895 884 memoria:
951 809 1470 908 imitationique
1534 814 1763 886 trada-

244 926 385 983 tur.

342 1008 460 1081 Ac
513 1028 660 1082 mu
710 1028 855 1077 non
896 1004 1021 1077 nifi
1064 1005 1370 1102 optimus
1468 1006 1706 1106 uisque
1734 1063 1760 1101 ,

246 1105 328 1177 &
354 1106 473 1203 qui
496 1107 903 1180 credentem
923 1103 1048 1175 fi-bi
1068 1034 1570 1178 minimefzillat
1588 1161 1612 1198 ,
1654 1107 1760 1179 le-

242 1205 510 1300 gendus
540 1205 640 1276 est
670 1230 697 1291 ;
737 1201 858 1275 sed
884 1201 1246 1300 diligenter
1278 1257 1301 1293 ,
1350 1228 1433 1278 ac
1461 1203 1640 1299 pene
1671 1205 1770 1277 ad

140 1344 147 1351 -
243 1300 587 1374 scribendi
613 1300 1125 1374 solicitudinem
1157 1328 1175 1374 ε
1211 1324 1341 1374 nec
1373 1326 1499 1398 per
1529 1321 1768 1397 partes·

241 1398 471 1472 modb
514 1398 875 1472 scrutanda
915 1398 1157 1471 omnia
1189 1449 1216 1484 ,
1261 1398 1379 1472 sed
1421 1399 1761 1496 perle6us

239 1496 431 1569 libet
479 1498 715 1596 utique
770 1522 863 1569 ex
921 1496 1197 1596 integro
1252 1497 1700 1569 resumendus
1730 1550 1758 1588 ,

232 1594 728 1694 praecipue'que
754 1594 1028 1687 oratio,
1061 1595 1258 1686 cujus
1285 1594 1587 1667 virtutes
1620 1596 1762 1669 fre·

236 1713 542 1792 quenter
574 1718 665 1766 ex
705 1692 1031 1766 industria
1071 1718 1361 1792 qnoque
1399 1694 1757 1766 occultan-

234 1809 381 1866 tur.
435 1793 632 1891 Saepe
668 1791 856 1865 enim
882 1810 1227 1891 praeparat
1260 1843 1284 1876 ,
1329 1789 1697 1864 diffimulat
1720 1846 1748 1884 ,

231 1889 598 1965 insidiatur
634 1910 873 1965 orator
897 1947 923 1983 ,
964 1891 1190 1991 edique
1217 1891 1294 1964 in
1309 1891 1526 1989 prima
1545 1914 1753 1990 ¹parte

231 1987 530 2063 astionis
569 1989 738 2064 dicit
763 2045 791 2082 ,
826 2016 981 2089 quae
1016 1989 1169 2063 sunt
1206 1990 1278 2062 in
1303 1990 1568 2064 summz‘i
1589 2014 1751 2090 pro·

224 2089 488 2166 futura.
532 2090 778 2187 Itaque
807 2090 933 2161 suo
965 2088 1127 2162 loco
1158 2087 1384 2164 minus
1420 2088 1698 2186 placent
1723 2142 1747 2173 ,

230 2187 455 2264 adhuc
483 2188 691 2259 nobis
724 2211 944 2285 quare
984 2187 1158 2260 dicta
1206 2186 1331 2259 fint
1370 2188 1750 2283 ignoranti-

228 2283 387 2359 bus.
413 2284 731 2384 Idedqne
752 2303 956 2358 erunt
974 2285 1274 2384 cognitis
1299 2285 1619 2359 omnibus
1646 2311 1750 2358 re-

226 2384 561 2480 petenda.

330 2480 506 2552 Illud
527 2481 703 2555 verb
726 2482 1148 2554 utiliffimum
1172 2535 1194 2572 ,
1223 2478 1411 2552 noffe
1431 2502 1548 2552 eas
1578 2503 1750 2549 cau·

222 2583 332 2660 sas
368 2604 666 2677 quarum
701 2582 1060 2652 orationes
1089 2580 1160 2650 in
1190 2602 1432 2649 manus
1467 2575 1744 2672 sumpfi-

219 2705 420 2768 mm,
450 2681 528 2752 &
556 2678 838 2778 quoties
862 2679 1216 2775 continget
1234 2732 1256 2768 ,
1276 2675 1602 2773 utrinque
1623 2675 1765 2747 ha·'

220 2779 409 2850 bitas
445 2775 509 2847 le
559 2801 677 2849 ere
720 2777 1027 2850 actiones
1054 2832 1077 2867 ‚
1120 2795 1200 2848 ut
1245 2773 1744 2849 Demosthenis
1847 2813 1858 2826 ι

220 2895 438 2975 atque
552 2875 798 2948 schinis
823 2931 844 2965 ‚
879 2876 1060 2946 inter
1084 2874 1151 2947 se
1179 2873 1567 2945 contrarias
1594 2928 1617 2963 ,
1656 2889 1738 2945 nt

221 2974 451 3047 Servii
477 2973 750 3069 Sulpitii
787 2976 864 3046 &
900 2973 1201 3045 Meffalae
1227 3026 1249 3061 ‚
1297 2995 1593 3069 quorum
1627 2970 1744 3042 al.-

219 3086 337 3146 1et
373 3095 503 3170 pto
540 3070 819 3149 Aufidia
839 3125 863 3169 2
907 3071 1163 3146 contra
1178 3069 1352 3165 dixit
1374 3069 1551 3142 alter
1583 3093 1610 3155 3
1655 3068 1740 3148 ὃς
