2250 3761
614 84 799 172 'Dr
870 94 1336 173 Tnorrs:
1672 97 1776 194 87

206 230 436 298 mum
493 211 597 290 est
641 268 667 306 ,
716 213 998 315 praestat
1038 240 1130 292 ne
1173 214 1302 290 uni
1339 213 1452 294 rei
1505 239 1773 296 nomen

214 313 473 394 deefl'e
529 313 889 390 videatur.

316 413 790 488 Transfertur
819 438 992 514 ergo
1012 435 1276 488 nomen
1296 428 1423 487 aut
1451 414 1762 492 verbum
1917 470 1920 471 ν

214 540 319 591 ex
338 538 438 588 eo
461 513 633 588 loco
659 513 737 585 in
763 537 913 612 quo
932 511 1305 613 proprium
1328 511 1468 604 est,
1488 513 1566 586 in
1589 538 1781 588 eum·

217 613 299 687 in
319 637 476 714 quo
508 630 635 687 aut
657 610 1027 710 proprium
1053 610 1246 685 deest
1263 666 1289 702 ‚
1322 628 1447 684 aut
1469 612 1757 687 transsa-

218 728 380 785 tum
412 711 717 811 proprio
750 708 1151 822 meliusest3
1204 708 1286 782 Id
1299 708 1595 784 facimus
1627 726 1756 787 aut

218 1007 491 1081 horum
553 1005 902 1105 praestabit
927 1060 959 1098 ‚
1002 1004 1198 1103 quod
1236 1006 1699 1080 transferetur
1718 1061 1750 1099 ,

219 1106 695 1206 improprium
728 1105 889 1179 erit.
931 1103 1356 1180 Neceffitate
1384 1104 1617 1178 rustici
1643 1106 1750 1179 di.

220 1225 401 1281 cunt
433 1209 774 1278 Gemmam
798 1204 872 1276 in
896 1203 1163 1278 vitibus
1191 1228 1215 1275 ε
1233 1202 1406 1302 quid
1421 1203 1611 1277 enim
1634 1205 1743 1279 di-

222 1320 488 1377 cerent
524 1305 763 1378 aliud?
800 1307 882 1378 &
904 1307 1103 1375 Sitire
1135 1305 1360 1398 segem
1390 1351 1419 1386 ,
1457 1303 1540 1375 ὅ(
1573 1307 1738 1375 Fru-

221 1403 375 1476 &us
440 1406 737 1478 laborm.
782 1400 1213 1476 Neceffitate
1247 1422 1380 1471 nos
1394 1453 1421 1490 ,
1462 1403 1738 1474 Durum

218 1504 553 1575 bominem
598 1519 719 1575 aut
750 1506 1063 1599 asperum,
1109 1498 1286 1572 Non
1316 1496 1505 1571 enim
1566 1519 1735 1595 pro-

215 1600 457 1702 prium
490 1619 643 1697 erat
664 1602 862 1700 quod
884 1601 1214 1677 daremus
1239 1595 1349 1671 his
1377 1596 1738 1673 affectibus

212 1722 506 1775 nomen.
523 1701 675 1774 Jam
701 1704 1043 1797 Incensum
1060 1704 1164 1773 ita
1197 1726 1221 1773 ε
1251 1700 1332 1773 &
1354 1697 1736 1796 Itfiamma-

221 1824 366 1872 rum
408 1804 792 1896 cupiditate:
820 1802 903 1875 &
946 1801 1228 1896 Lapficm
1263 1825 1453 1870 errore
1474 1850 1504 1889 ,
1530 1794 1731 1898 figni-

222 1897 483 1971 ficandi
521 1898 1007 1999 gratia-Nihil
1062 1898 1250 1971 enim
1283 1897 1562 1970 whorum
1588 1894 1732 1970 suis

214 1997 510 2093 verbis,
532 2000 746 2099 qnam
766 1999 875 2072 his
894 1996 1240 2073 accerfitis
1261 2050 1285 2088 ,
1304 1996 1525 2094 magis
1548 2018 1723 2092 pro-

212 2097 443 2197 prium
483 2117 666 2173 erat.
718 2097 845 2171 Illa
884 2098 977 2171 ad
1046 2118 1372 2171 ornatum
1399 2151 1426 2188 ,
1474 2099 1728 2166 Lumen

210 2202 568 2273 orationis:
622 2200 708 2274 &
732 2252 761 2290 ,
810 2200 1071 2271 Generis
1134 2199 1483 2270 claritatem
1518 2219 1542 2267 t
1592 2194 1722 2283 ὅτ,

215 2299 610 2370 Contionum
622 2303 985 2393 procellas:
1021 2297 1144 2386 &‚
1176 2295 1576 2390 Eloquentiae
1575 2293 1724 2390 flu·

212 2400 404 2466 mina
436 2423 459 2467 ε
483 2413 565 2468 ut
593 2396 857 2471 Cicero
882 2419 1017 2496 pro
1059 2393 1376 2484 Milone,
1419 2396 1722 2462 Clodium

193 2494 463 2584 fimum
493 2497 700 2591 gloria
744 2498 885 2589 ejus
906 2509 1124 2569 vocat
1146 2519 1169 2566 ε
1204 2492 1285 2563 δε
1335 2488 1483 2563 alio
1508 2488 1722 2576 loce,

212 2598 492 2690 segetem
539 2620 618 2664 ac
659 2599 1004 2669 materiam.
1032 2651 1051 2665 .

305 2693 387 2762 In
415 2706 651 2763 totum
681 2711 921 2766 autem
964 2688 1384 2788 metaphora
1426 2682 1724 2758 brevior

206 2788 310 2864 est
365 2790 580 2889 quam
647 2791 1025 2864 similitudo
1066 2818 1088 2863 ε
1138 2788 1377 2887 eoque
1439 2782 1644 2858 distat
1689 2836 1721 2874 ,

214 2887 404 2985 qnod
438 2888 563 2960 illa
614 2905 1066 2988 comparatur
1102 2887 1208 2960 rei
1254 2909 1466 2985 quam
1503 2882 1715 2957 volu·
1851 2887 1879 2895 “

211 3009 363 3057 mus
379 2986 783 3084 exprimere
809 3015 834 3076 ;
858 2988 1007 3061 haec
1024 3010 1158 3098 pro
1173 2985 1318 3083 ipsa
1337 3007 1413 3057 re
1430 2979 1720 3053 dicium·

215 3084 684 3183 Comparatio
712 3086 811 3162 est
838 3140 870 3181 ,
897 3088 1057 3163 εἰιω
1084 3084 1246 3164 daco
1273 3079 1504 3159 feciffe
1545 3073 1719 3180 quid
