2250 3761
395 122 545 199 Ds
629 122 1491 203 Pammeni-rum
1625 147 1738 228 39-
1856 115 1863 123 ’

178 242 506 318 hominis
530 295 555 333 ,
612 265 702 313 an
745 240 942 314 radix
971 240 1244 315 arboris
1263 294 1289 334 ,
1331 240 1458 314 nisi
1486 242 1722 317 distin-

185 342 383 416 &um
408 365 565 412 non
594 337 1021 437 intelligitur.
1193 358 1200 367 ·

290 439 460 511 Plus
504 454 748 509 tamen
804 436 903 510 est
947 435 1385 511 obscuritatis
1431 436 1505 510 in
1540 463 1721 513 con·-

190 552 403 610 textu
446 538 529 610 &
584 534 1113 609 continuatione
1165 533 1497 607 ser-monis
1534 590 1559 628 ‚
1631 540 1715 613 δε

192 634 436 732 plures
467 631 691 705 modi.
743 634 990 725 Quare
1019 656 1150 706 nec
1183 631 1234 702 fi
1258 648 1404 704 tam
1425 632 1668 732 longus
1687 686 1736 724 ,.

196 748 276 803 ut
329 754 503 804 eum
549 729 885 827 prosequi
932 753 1076 802 non
1119 728 1324 826 poffit
1374 727 1668 804 intentio
1690 757 1738 803 τ,

191 853 336 902 nec
368 859 397 889 a
428 825 841 922 trajeffione
872 844 1015 900 tam
1036 825 1319 916 tarduS,
1365 844 1445 899 ut
1471 827 1544 899 in
1585 828 1718 926 hy-

194 926 563 1025 perbaton
617 923 774 995 finis
817 921 966 1018 ejus
1005 923 1386 998 differatur.
1435 922 1744 1017 Quibus.

196 1024 438 1096 adhuc
459 1021 664 1119 pejor
684 1019 782 1093 est
800 1021 1077 1113 mistura
1095 1021 1480 1097 verborum
1494 1076 1519 1115 ‚
1553 1047 1716 1121 qua-
1743 1024 1746 1029 ’

197 1119 291 1194 lis
314 1119 551 1194 inille
565 1118 771 1194 versu
798 1145 823 1191 z
1092 1204 1097 1207 -
1725 1158 1732 1161 -

485 1223 680 1291 Saxa
723 1239 958 1289 vocant
997 1217 1164 1289 Itali
1202 1220 1423 1291 mediis
1466 1224 1606 1316 quae
1642 1222 1725 1293 in-
1758 1235 1937 1301 »AEm
1961 1245 2076 1303 ⁸¹³3

607 1316 922 1414 flublibus
960 1341 1133 1387 aras.
1729 1382 1737 1391 .

202 1413 433 1487 Etiam
457 1410 942 1507 interjefflone
968 1466 990 1503 ‚
1019 1436 1160 1511 qua
1185 1413 1264 1486 &
1295 1427 1616 1485 oratores
1637 1415 1715 1489 &

205 1510 520 1585 historici
566 1506 971 1608 frequenter
1015 1525 1348 1600 utuntur,
1376 1526 1453 1581 ut
1482 1505 1735 1584 medio'

200 1608 531 1685 sermone
552 1606 869 1722 aliquem·
887 1605 1184 1682 inserant
1222 1605 1530 1697 sensum,
1574 1606 1713 1680 im-

202 1706 434 1806 pediri
466 1705 646 1779 solet
667 1704 1055 1781 intelle&us
1074 1760 1096 1796 ,
1130 1703 1251 1777 nisi
1280 1705 1473 1802 quod
1506 1704 1724 1779 inter·

256 1804 540 1897 onitur,
588 1803 811 1878 breve
849 1802 965 1877 est.
1014 1804 1198 1875 Nam
1231 1803 1556 1903 Virgilius
1587 1803 1720 1876 illo

235 1924 383 1980 ,oco
405 1953 433 1991 ‚
474 1926 616 1998 quo
652 1901 920 2000 pullum
959 1901 1295 2000 equinum
1331 1902 1654 1981 describit
1680 1953 1715 1991 ‚
1734 1919 1780 1969 ι·
1799 1902 2084 1977 &ors-723

213 1998 384 2075 cum
410 1997 710 2073 dixifl‘et:
1531 2057 1538 2063 .

485 2100 622 2169 Nec
646 2124 851 2171 vanos
879 2101 1084 2172 horret
1079 2102 1436 2272 ¹firepitus:

206 2194 686 2294 compluribus
711 2194 1011 2292 insertis,
1034 2223 1073 2272 a
1103 2200 1172 2274 ia
1197 2198 1446 2302 figura,
1464 2196 1722 2296 quinto

219 2292 502 2368 demum
534 2293 745 2368 versu
779 2292 1005 2367 redit:
1714 2336 1721 2343 ·

451 2394 622 2464 Tum
640 2392 720 2491 si
741 2419 867 2486 qua
872 2394 1118 2487 anum
1135 2398 1368 2485 procul
1393 2419 1574 2465 arma
1596 2397 1712 2475 de,

606 2496 780 2575 dere,
845 2503 850 2510 '

346 2621 355 2632 ν
457 2591 642 2656 Stare
678 2592 807 2658 loco
855 2588 1067 2680 mfiit.
1579 2657 1583 2661 .
1713 2649 1722 2658 .

336 2676 641 2756 Vitanda
691 2681 1000 2782 inprimis
1047 2676 1512 2778 ambiguitas,
1561 2689 1712 2776 nonf-

208 2778 359 2850 haec
408 2777 672 2874 solima,
714 2800 879 2879 quae'
897 2780 1238 2856 incertum
1288 2777 1714 2853 intelleftum‘

203 2874 370 2953 facit
386 2931 414 2971 ‚
465 2896 543 2952 ut
561 2935 589 2975 ‚
624 2917 633 2928 *
662 2883 1038 2952 Chremetem
1086 2879 1312 2952 audivi
1369 2873 1715 2974 percuffiffi,

269 3074 299 3104 a
338 3059 572 3125 Intelligit
600 3051 931 3122 transpositio·
981 3055 1081 3121 gitis
1116 3052 1486 3109 transferantur,
1514 3048 1709 3104 sensum

206 3132 317 3174 ”em
343 3126 597 3177 verborum
630 3139 738 3191 quae
765 3120 799 3173 si
829 3121 932 3171 lon·
946 3060 968 3187 l
983 3122 1238 3172 obscurum
1254 3114 1482 3182 efficiunt,
1709 3149 1714 3154 .
