2250 3761
443 147 590 227 280
735 142 961 222 lan.
1045 143 1197 224 XI.
1257 145 1477 222 cn.
1544 145 1642 224 Ἰ.
1962 239 1967 246 ,

538 294 605 342 2.
635 267 928 341 EADEM
971 265 1047 339 in
1076 265 1159 340 iis
1188 291 1322 364 pro
1369 266 1628 365 quibus
1678 269 1985 365 agemus

436 364 882 441 observanda
920 363 1101 438 sunt.
1156 364 1381 439 Aliter
1425 364 1615 438 enim
1652 389 1790 463 pro
1828 367 1989 439 alio

440 462 622 562 saepe
652 462 1029 536 dicendum
1078 462 1177 536 est
1209 515 1234 553 ,
1274 481 1354 534 ut
1408 462 1703 632 quiaque
1744 464 1983 537 hone-³³

443 560 582 635 stus
611 616 635 654 ,
669 560 948 636 humilis
989 617 1013 655 ,
1053 560 1441 636 invidiosus
1477 613 1504 648 ‚
1580 562 1983 635 avorabilis

444 658 580 732 erit
616 714 640 752 ,
685 657 949 753 adjecta
987 683 1074 758 pr
1226 657 1512 733 sitorum
1555 684 1848 758 quoque
1894 665 1982 738 δε
2048 751 2053 754 v

444 758 778 831 anteactae
811 756 980 832 vitae
1020 757 1082 829 d·
1143 756 1434 831 erentia.
1478 757 1980 834 Iucundiffima

442 855 628 931 vero
652 855 724 927 in
757 873 1049 932 oratore
1103 854 1565 947 humanitas,
1615 854 1910 930 facilitas
1952 911 1985 950 ,

349 1043 360 1052 ο
444 953 848 1028 moderatio
873 1011 896 1045 ‚
925 953 1457 1028 benevolentia.
1488 953 1627 1027 Sed
1651 952 1760 1024 ina
1784 978 1979 1052 quo-

446 1065 591 1149 que
628 1050 898 1123 diversa
946 1051 1214 1122 bonum
1240 1049 1473 1125 virum
1509 1051 1758 1125 decent
1780 1105 1803 1140 ,
1828 1075 1983 1122 ma·

449 1148 558 1221 los
584 1148 826 1237 odiffe,
857 1148 1145 1246 publica
1167 1148 1329 1223 vice
1368 1147 1842 1238 commoveri,
1866 1149 1982 1220 ul·-

450 1260 602 1318 tum
646 1245 750 1320 ire
784 1246 1044 1321 scelera
1088 1250 1166 1321 &
1204 1244 1529 1341 injurias:
1562 1249 1639 1319 &
1683 1246 1919 1318 omnia
1948 1300 1980 1339 ‚

450 1345 532 1418 t'1t
570 1342 774 1417 initio
800 1343 988 1435 dixi,
1032 1344 1347 1419 honesta.

351 1539 356 1542 .
556 1467 621 1539 3.
651 1443 801 1517 Nec
828 1446 1143 1535 tant-itm,
1172 1442 1328 1555 quis
1357 1446 1435 1517 &
1461 1466 1768 1541 proquo
1793 1496 1816 1531 ,
1850 1440 1977 1514 sed

331 1543 356 1554 ”
452 1540 670 1615 etiam
707 1538 886 1640 apud
917 1551 1128 1640 qtiem
1157 1541 1382 1632 dream,
1421 1540 1735 1615 interest.
1783 1540 1979 1614 Facit

450 1638 638 1712 enim
670 1640 748 1711 &
778 1639 1062 1713 fortuna
1086 1638 1449 1712 discrimen
1471 1695 1495 1733 ,
1524 1641 1601 1712 &
1630 1637 1931 1737 potestas
1955 1660 1986 1710 τ

417 1762 584 1812 nec
616 1739 866 1813 eadem
907 1739 1094 1837 apud
1143 1737 1533 1837 principem
1561 1793 1584 1831 ‚
1627 1734 1983 1836 magistra-

145 1896 281 1942 ,ῃο
313 1905 425 1939 m,
449 1852 601 1910 tum
641 1891 665 1929 ,
709 1833 1103 1913 senatorem
1134 1892 1156 1929 ‚
1191 1836 1547 1937 privatum
1574 1846 1607 1879 ⁸¹
1647 1836 1915 1909 tantitm
1953 1886 1988 1925 ,

84 1953 205 2018 eam,
224 1953 427 2022 quidam
451 1935 747 2008 liberum
772 1990 795 2025 ,
830 1935 1011 2010 ratio
1041 1935 1183 2009 est:
1215 1960 1345 2009 nec
1362 1936 1617 2010 eodem
1641 1936 1816 2009 sono
1840 1958 1984 2029 pu-

81 2019 433 2134 }{ffffibgmjjss'
455 2033 637 2108 blica
659 2031 916 2124 judicia
938 2088 961 2124 ,
979 2036 1057 2107 &
1084 2032 1516 2107 arbitrorum
1534 2029 1979 2127 disceptatio-

247 2142 250 2143 ’
412 2121 427 2139 ’
453 2153 580 2204 nes-
603 2149 921 2242 aguntur.
946 2130 1135 2204 Nam
1165 2150 1243 2205 ut
1272 2149 1592 2205 orantem
1615 2151 1744 2227 pro
1775 2123 1979 2224 capi·

389 2274 392 2277 >
453 2245 528 2303 te
550 2227 926 2302 solicitudo
950 2230 1245 2323 deceat,
1280 2233 1359 2305 &
1383 2252 1581 2319 cura,
1612 2229 1690 2300 &
1724 2247 1984 2297 omnes

454 2326 546 2402 ad
591 2325 1151 2426 amplificandam
1182 2329 1577 2402 orationem
1603 2322 1796 2424 quafi
1820 2346 1980 2395 ma-

458 2423 682 2501 chinae
715 2451 734 2498 ε
766 2425 864 2499 ita
896 2427 968 2499 in
1019 2427 1264 2526 parvis
1312 2426 1523 2501 rebus
1568 2420 1988 2533 judiciisque

453 2549 641 2599 vana
689 2523 818 2597 fint
858 2526 1104 2600 eadem
1143 2580 1167 2618 ‚
1208 2523 1663 2623 rideatitrque
1718 2517 1982 2594 merito

455 2621 581 2791 fui
624 2622 807 2719 apud
838 2622 1382 2722 disceptatorem
1413 2622 1500 2697 de
1536 2646 1611 2695 re
1644 2616 1985 2695 leviffuna

490 2719 708 2792 edens
747 2720 1056 2794 disturus
1088 2772 1120 2806 ,
1155 2739 1392 2795 utatur
1440 2720 1559 2792 illa
1609 2712 1987 2793 Ciceronis

460 2816 930 2891 confeffione:
965 2822 1121 2890 Non
1159 2822 1428 2913 moddfi
1467 2821 1688 2890 animo
1716 2840 1984 2887 commo·

457 2919 589 2989 ren·
615 2967 648 3001 ,
693 2921 768 2988 ed
781 2919 978 2987 etiam
999 2941 1242 3011 corpore
1281 2920 1418 3012 ipso
1433 2915 1889 3011 perhorrescere.

555 3012 745 3108 Quis
771 3014 956 3086 verow
981 3013 1241 3088 nesciat
1281 3013 1449 3113 quin
1479 3011 1669 3087 aliud
1709 3003 1985 3084 dicendi

466 3134 686 3213 genus
717 3108 966 3210 poscat
996 3112 1302 3211 gravitas
1349 3109 1704 3190 senatoria
1730 3162 1761 3203 ,
1796 3103 1991 3183 aliud

113 2884 166 2960 Q
190 2893 335 2948 νην.
352 2899 432 2949 4¹·
