2250 3761
478 193 632 272 '124
794 164 988 242 Lm.
1051 163 1199 238 IX.
1273 161 1491 235 CAP..
1555 158 1656 231 IL·

477 297 640 367 dam
680 288 950 383 semper
988 307 1077 354 ex
1116 277 1395 355 diverso
1426 274 1841 374 aperiendas
1865 293 2003 374 ptr«

477 399 808 465 taverunt
833 437 856 473 ‚
897 380 1064 454 ficut
1096 377 1379 451 latentia
1402 375 1576 450 vitia
1599 373 2005 452 rescindum

475 507 612 561 tur.
687 482 902 578 quue
945 476 1106 549 sane
1154 471 1692 574 frequentissime
1733 471 2004 546 facien-

475 587 642 658 dum
687 578 804 651 est.
848 575 1075 648 Aliter
1101 573 1291 647 enim
1337 570 1509 644 dilui
1544 568 1820 664 objecta
1844 591 1998 642 non

473 680 753 781 poss‘unt
775 732 798 768 ‚
820 674 923 747 uti
977 696 1069 746 ue
1094 674 1255 745 citm
1280 667 1562 772 quaestio
1592 667 1665 740 in
1710 691 1803 742 eo
1830 691 2005 743 con-

474 779 635 853 fistit
659 834 682 870 ‚
708 775 903 874 quod
988 796 1176 870 g-urae
1207 785 1480 868 petunt.
1520 768 1612 839 At
1647 767 1808 840 etim
1845 790 2004 840 ma-

476 877 726 950 ledista
750 873 905 946 sunt
938 869 1214 943 tantiun
1242 923 1266 958 ,
1296 891 1441 940 non
1458 864 1849 964 intelligere
1883 863 2003 936 in·-¹

477 974 688 1049 terim
719 1026 743 1065 ,
817 970 1022 1043 bonae
1079 962 1527 1042 conscientiae
1574 961 1694 1037 est.
1760 963 2005 1060 Atque

478 1073 735 1154 etiam,
781 1069 940 1144 cttm
982 1064 1247 1163 fuerint
1289 1062 1684 1140 crebriores
1714 1060 1760 1131 fi
1857 1084 2006 1153 rae,

479 1171 693 1264 quam
728 1183 810 1241 ut
859 1162 1259 1238 diffimulari
1306 1161 1598 1261 possint,
1646 1183 1742 1273 po
1798 1157 2006 1230 ulan-

482 1273 650 1347 dum
696 1265 845 1356 est,
893 1279 973 1336 ut
1027 1261 1198 1334 illud
1242 1258 1482 1335 nescio
1550 1258 1758 1357 qu1d‚
1799 1251 2003 1354 quod

483 1363 868 1445 adversarii
927 1359 1240 1461 obliquis
1310 1357 1669 1434 sententiis
1746 1350 2008 1451 fignifi-

483 1492 652 1542 care
691 1461 1095 1553 voluerint,
1125 1458 1177 1531 fi
1210 1457 1464 1533 fiducia
1500 1455 1579 1528 fit
1605 1509 1629 1545 ,
1664 1451 2010 1548 objiciant

482 1566 716 1666 palam
767 1614 789 1648 ‚
860 1575 981 1634 aut
1048 1557 1238 1633 certe
1306 1577 1449 1627 non
1512 1552 1851 1649 exigant,
1919 1561 2007 1620 ut

428 1669 433 1674 ’
542 1663 688 1738 uod
729 1658 851 1759 ipsi
890 1680 1034 1730 non
1101 1653 1363 1728 audent
1415 1649 1653 1722 dicere
1696 1701 1720 1737 ,
1775 1647 1849 1716 id
1895 1645 2014 1738 ju-

486 1691 678 1837 {ilices
719 1781 864 1830 non
894 1751 1116 1826 modo
1161 1745 1545 1846 intelligant
1567 1795 1592 1835 ,
1627 1741 1748 1816 sed
1784 1742 2015 1815 etiam

490 1858 841 1937 credant..
942 1880 945 1885 ⁸
1807 1838 1812 1841 ’

593 1982 658 2054 3.
689 1956 1088 2027 TERTIUM
1127 1944 1225 2022 est
1267 1964 1527 2045 genus,
1570 1939 1643 2012 in
1679 1960 1825 2037 quo
1856 1933 2009 2011 sola

489 2054 742 2132 melitis
777 2047 1058 2124 dicendi
1080 2045 1344 2145 petitur
1363 2037 1661 2115 occafio.
1690 2036 2009 2134 Ideoque

490 2155 568 2234 id
592 2152 857 2229 Cicero
875 2169 1017 2221 non
1040 2160 1244 2244 putat
1267 2141 1403 2216 effe
1429 2136 1730 2237 politum
1749 2132 1825 2205 in
1852 2156 2020 2208 con·
2086 2125 2105 2189 f

491 2252 840 2327 tentione.
881 2245 1059 2319 Tale
1089 2242 1187 2316 est
1213 2239 1386 2312 illud
1408 2293 1431 2329 ‚
1465 2259 1612 2335 quo
1646 2234 1833 2307 idem
1870 2230 2015 2303 uti-

498 2350 718 2427 turin
747 2369 778 2399 ‘1
808 2343 1151 2421 Clodium
1190 2368 1209 2414 ε
1240 2341 1514 2434 Quibus
1553 2335 1655 2440 iste
1674 2382 1701 2417 ,
1736 2332 1847 2425 qui
1868 2356 2016 2399 om-

505 2449 953 2548 niafizcrg'ficia
970 2440 1170 2544 ποθεῖ
1189 2489 1215 2525 ,
1224 2437 1431 2531 facil&
1448 2432 1572 2529 rifi
1592 2436 1739 2503 deos
1751 2427 2012 2523 placari

491 2550 663 2650 poffi
705 2546 1148 2620 arbitrabatur.
1170 2593 1188 2612 .
1212 2591 1230 2611 .
1292 2529 1733 2608 Leviffimum
1775 2542 2019 2599 autem

502 2647 725 2745 longe
742 2666 959 2743 gentis
980 2664 1076 2712 *ex
1106 2634 1340 2712 verbo
1359 2687 1383 2722 ‚
1415 2626 1676 2702 etiamfi
1710 2624 1808 2697 est
1831 2620 2024 2719 apud

143 2778 248 2833 Pro
271 2771 384 2827 σαι.
403 2745 940 2840 32.²Ciceronetn
961 2737 1035 2806 in
1057 2730 1425 2806 Clodiam:
1451 2725 1801 2820 Praesertim
1824 2746 2026 2819 quam

514 2909 521 2912 ι
559 2961 593 2993 a
615 2947 732 2992 Haec
751 2940 819 2987 ait
840 2949 931 3001 pto
964 2945 1088 2982 terea
1108 2915 1245 2994 quod
1295 2940 1396 2973 non
1420 2922 1592 2973 licebat
1606 2922 1737 2972 viris.
1771 2914 1917 2967 unde
1950 2914 2033 2964 faa

512 3007 713 3059 clodius
763 3009 898 3066 ingre
941 3014 992 3048 us
1054 3007 1155 3044 etat
1193 2996 1245 3041 in
1296 2986 1397 3037 cete}
1437 2992 1605 3037 Cicero
1637 2981 1775 3046 fingit
1799 2980 2031 3094 feritum

500 3064 736 3139 ’opertum
761 3070 900 3118 bonae
943 3067 1089 3117 θῦε.
1109 3054 1246 3125 quod
1298 3048 1389 3103 eise
1409 3050 1764 3103 sacrificiorum.
1840 3057 1956 3093 um.

794 3279 813 3313 κ
894 3278 909 3289 ,
