2250 3761
330 108 476 190 Dr.
515 117 843 182 namus
875 101 1567 179 sturm-runnu.
1623 126 1745 183 121

198 230 520 314 Tertius
552 279 582 313 ,
628 221 747 323 qui
799 221 1183 298 venustatis
1244 223 1467 296 modb
1527 224 1758 321 gratia

203 330 602 410 adhibetur
619 379 647 417 2
677 319 914 420 &ipsa
931 320 1261 397 novitate
1284 345 1366 393 ac
1393 323 1759 396 varietate
1893 396 1900 401 ,

208 429 442 608 &gis
483 424 701 526 quam
734 419 784 493 fi
835 419 1090 494 relatio
1145 418 1223 491 fit
1275 419 1498 513 resta,
1559 420 1760 496 dele-

328 546 382 604 t.

271 656 334 703 ι.
364 628 490 699 Ex
519 641 665 695 Hls
693 616 892 718 quod
949 613 1044 688 est
1080 612 1408 713 primum,
1435 614 1763 716 frequens

216 727 289 813 in
321 722 592 800 scholis
621 717 743 793 est.
764 771 784 790 .
806 768 829 791 .
859 717 1050 787 Vera
1077 714 1368 810 negotia
1395 739 1749 813 nunquam

218 826 452 903 adhuc
476 818 880 893 habuerunt
916 812 1097 887 hanc
1120 810 1371 884 filentii
1399 814 1752 888 neceffita·

222 944 416 1014 tem,
459 917 581 994 sed
633 914 848 988 aliam
891 908 1059 985 huic
1115 908 1456 984 fimilem:
1498 914 1751 989 verbm

223 1018 460 1094 mulfo
492 1016 581 1089 ad
624 1010 975 1113 agendum
1014 1007 1482 1083 difficiliorem
1509 1065 1535 1103 ‚
1589 1012 1753 1089 etun

225 1114 551 1217 personae
572 1125 906 1210 potentes
936 1105 1260 1200 obstant,
1289 1106 1429 1182 fine
1453 1132 1754 1206 quarum

227 1210 769 1310 reprehenfione
820 1204 1052 1280 teneri
1090 1204 1292 1278 causa
1340 1230 1486 1280 non
1519 1206 1723 1304 poffit

235 1310 570 1408 Idebque
596 1307 736 1381 hoc
758 1306 1000 1404 parem
1057 1306 1138 1378 &
1189 1302 1753 1400 c1rcumspeffihs

231 1406 655 1483 faciendum
677 1456 702 1496 ‚
747 1404 906 1503 quia
932 1400 1106 1477 mhil
1141 1401 1424 1475 interest
1453 1425 1755 1500 quomo-

230 1508 341 1582 do
393 1503 730 1578 offendas.
780 1504 871 1574 Et
903 1537 934 1569 a
973 1516 1218 1599 aperta
1259 1499 1476 1599 figura
1521 1500 1755 1599 perdit

229 1605 376 1680 hoc
404 1601 628 1702 ipsum
649 1653 677 1689 ,
707 1599 904 1701 quod
931 1598 1150 1698 figura
1183 1598 1300 1672 est.
1343 1598 1659 1698 Idebque
1710 1599 1754 1674 ὲ

234 1702 648 1802 quibusdam
679 1717 834 1773 tota
866 1722 983 1773 res
1003 1696 1412 1795 repudiatur
1431 1753 1454 1790 ,
1486 1697 1630 1774 five
1655 1695 1756 1770 in-

238 1800 382 1874 tel‘
439 1819 638 1894 atur,
687 1797 832 1874 five
877 1819 1043 1869 non.
1085 1796 1221 1868 Sed
1248 1795 1411 1871 licet
1457 1796 1753 1870 modum

245 1803 603 1972 adkizere.
655 1895 1013 1995 Inprimis,
1055 1920 1148 1968 ne
1179 1893 1307 1967 fint
1346 1895 1745 1970 manifestae,

246 1996 418 2068 Non
443 2011 650 2069 erunt
679 2013 909 2069 autem
936 2048 962 2086 ‚
997 1991 1047 2065 fi
1083 2017 1175 2067 ex
1205 1991 1445 2067 verbis
1472 1993 1699 2068 dubiis
1721 2048 1750 2087 ,

242 2097 325 2170 ὅ(
399 2093 535 2168 uafi
558 2093 956 2192 duplicibus
992 2107 1321 2190 petentur
1332 2117 1358 2180 3
1402 2090 1626 2191 qualis
1651 2093 1750 2168 est

233 2192 312 2266 in
366 2192 637 2292 uspeEta
663 2217 886 2265 nuru:
921 2193 1130 2262 Duxi
1149 2217 1407 2264 uxorem
1425 2246 1450 2284 ,
1482 2220 1752 2289 quapa·

210 2294 323 2364 ui
337 2295 623 2386 placuit.
668 2291 814 2363 Res
842 2287 1002 2386 ipsae
1030 2289 1414 2386 perducant
1444 2287 1753 2386 judicem
1859 2320 1868 2330 ·

236 2389 340 2463 ad
359 2388 823 2485 suspicionem
839 2442 860 2480 ‚
896 2388 977 2461 &
1003 2387 1423 2461 amoliamur
1449 2402 1699 2462 caetera
1720 2436 1751 2472 ,

239 2502 330 2559 ut
355 2484 500 2556 hoc
533 2483 756 2557 solum
799 2483 1128 2583 superfit3
1162 2486 1236 2557 in
1262 2507 1410 2581 quo
1454 2482 1753 2576 multhm

238 2582 476 2656 etiam
504 2580 789 2655 affeetusf
809 2580 1052 2677 juvant
1078 2635 1098 2664 ,
1135 2584 1212 2656 &
1239 2582 1628 2679 interrupta
1666 2580 1754 2656 fi-

233 2678 480 2756 lentio
519 2678 764 2762 diffie,
791 2684 869 2758 &
901 2681 1403 2759 cunaationeS.
1429 2679 1543 2753 Sic
1563 2679 1752 2757 enim

227 2777 409 2873 fiet,
442 2790 523 2853 ut
545 2774 758 2874 judex
787 2797 1055 2881 quaerat
1075 2779 1248 2855 illud
1266 2778 1504 2856 nescio
1546 2781 1754 2881 quid,

302 2993 337 3024 a
372 2978 416 3024 si
447 2949 786 3029 continuando
828 2978 981 3045 figura
1032 2977 1199 3028 definit
1215 2976 1307 3028 e'ffe
1327 2995 1437 3047 ατε,
1476 2978 1635 3031 statim
1669 2987 1754 3026 at·

234 3042 450 3103 apettiot
478 3037 643 3116 fieret,
680 3041 850 3109 figura
882 3060 982 3093 no·
1035 3060 1128 3109 que
1146 3059 1359 3110 apparet.

231 3119 366 3155 men
408 3117 666 3156 armttetet.
724 3114 819 3160 Aa
859 3110 988 3166 enim

335 3166 522 3245 Tom.
570 3171 619 3244 I
628 3172 701 3249 l.
1422 3171 1473 3243 F
