2250 3761
533 166 685 254 ’τῃ
782 152 1057 228 *Lim
1134 149 1289 225 IX.
1370 151 1603 231 Cap.
1676 144 1856 229 ΠΕ

540 274 898 350 memoriae
926 270 1386 345 tradidiffent.
1437 274 1681 370 Itaque
1723 273 2067 361 accedam

541 374 615 448 in
646 374 986 470 plerisque
1018 370 1391 443 Ciceroni.
1423 389 1636 468 atque
1669 371 1741 441 in
1773 372 1853 444 iis
1881 396 2011 445 ero
2032 429 2060 465 ‚

593 497 697 543 uae
720 472 1106 541 indubitata
1128 468 1309 556 sunt,
1333 468 1667 542 brevior:
1692 469 1762 540 in
1781 471 2066 567 quibus-

537 497 700 641 gam
750 570 1032 667 paulum
1075 566 1355 638 fortass‘e
1400 566 1806 639 diffentiam.
1870 569 2064 642 Nam

539 665 757 739 etiam
799 667 956 740 clun
985 660 1317 760 judicium
1359 691 1592 737 meum
1634 664 2062 762 ostendero,

537 764 737 837 suum
766 782 1002 837 tamen
1028 764 1416 861 legentibus
1435 763 1848 861 relinquam.

626 859 921 950 NEQUE
948 862 1201 960 ignoro
1230 861 1565 959 quosdam
1591 863 1726 935 effe
1745 918 1769 953 ,
1800 861 1920 960 qui
1943 887 2060 935 cu-

539 983 1012 1034 ram-omnem
1066 959 1589 1056 compofitionis
1635 962 2055 1052 excludant,

540 1076 753 1157 atque
781 1058 977 1131 illum
993 1058 1357 1130 horridum
1385 1057 1780 1130 sermonem
1803 1076 1882 1130 ut
1901 1058 2057 1130 for·

537 1157 613 1229 te
647 1156 995 1229 effluxerit
1022 1211 1047 1245 ‚
1088 1156 1322 1227 modo
1357 1155 1575 1254 magis
1615 1157 2003 1229 naturalem
2027 1210 2054 1248 ,

537 1254 760 1329 modo
785 1257 1002 1327 etiam
1033 1254 1254 1352 magis
1286 1253 1567 1327 virilem
1594 1254 1729 1328 effe
1754 1271 2057 1329 conten-

540 1351 731 1426 dant.
786 1353 934 1446 Qui
966 1352 1014 1424 fi
1043 1353 1112 1423 id
1135 1355 1418 1427 demum
1439 1352 1756 1426 naturale
1783 1351 1919 1425 effe
1952 1350 2056 1424 di·

536 1471 707 1523 cunt
725 1507 748 1544 ,
823 1452 966 1524 uod
991 1452 1030 1523 ὲ
1057 1469 1305 1524 natura
1327 1453 1625 1550 primum
1649 1468 1883 1524 ortum
1907 1449 2008 1523 est
2024 1503 2052 1540 ,

538 1550 619 1622 &
654 1478 859 1647 qua‘ie
883 1571 1044 1622 ante
1074 1550 1334 1623 cultum
1374 1549 1505 1620 fuit
1528 1602 1551 1639 ,
1582 1567 1734 1621 tota
1766 1549 1912 1620 haec
1941 1571 2080 1639 ars·

538 1647 789 1719 orandi
815 1649 1284 1719 subvertetur.
1318 1646 1569 1740 Neque
1600 1646 1786 1716 enim
1821 1644 2053 1719 locuti

533 1744 690 1817 funt
732 1746 821 1815 ad
880 1746 1059 1814 hanc
1106 1742 1428 1838 regulam
1477 1742 1556 1811 δι
1614 1742 2055 1838 diligentiam

530 1842 740 1941 primi
756 1838 1084 1913 homines
1102 1893 1124 1928 ‚
1149 1861 1286 1910 nec
1314 1836 1679 1934 prooemiis
1707 1864 2054 1939 praepara-

530 1964 608 2012 re
631 1996 648 2022 ,
675 1939 938 2011 docere
966 1936 1400 2034 expolitione
1443 1938 1872 2035 argumentis
1890 1966 2056 2039 pro.

530 2036 704 2109 bare
729 2091 752 2127 ‚
801 2035 1152 2108 affectibus
1205 2059 1663 2124 commovere
1715 2036 2049 2115 scierunt.

529 2136 718 2233 Ergo
757 2134 862 2206 his
905 2131 1276 2206 omnibus,
1332 2157 1472 2203 non
1503 2132 1646 2206 sola
1698 2137 2049 2235 compofi-

526 2232 725 2305 tione
771 2252 1194 2305 caruerunt:
1230 2255 1531 2328 quorum
1579 2232 1628 2303 s1
1674 2232 1824 2306 fieri
1873 2235 2050 2309 nihil

526 2330 780 2406 melius
807 2330 1065 2405 licebat
1092 2386 1116 2418 ‚
1149 2355 1237 2401 ne
1260 2330 1581 2403 domibus
1609 2333 1888 2432 quidem
1920 2359 2051 2406 ca·-

527 2429 638 2503 sas
659 2488 681 2520 ‚
717 2449 838 2502 aut
875 2428 1182 2501 vestibus
1213 2429 1493 2523 pellium
1532 2427 1833 2527 tegmina
1860 2483 1884 2515 ,
1916 2447 2046 2504 aut

527 2529 820 2603 urbibus
851 2546 1129 2600 montes
1163 2549 1243 2597 ac
1280 2526 1512 2624 sylvas
1538 2527 1793 2600 mutari
1821 2553 2045 2627 opor·-

526 2630 684 2700 tuit.
742 2629 943 2719 Quae'
973 2648 1192 2721 porro
1215 2646 1333 2695 ars
1381 2624 1601 2697 statim
1632 2626 1815 2701 fuit?
1872 2628 2045 2726 quid

523 2748 669 2796 non
701 2725 898 2793 cultu
915 2722 1183 2795 nitescit
1208 2723 1236 2794 ἒ
1270 2745 1394 2792 cur
1414 2722 1596 2797 vites
1625 2748 2046 2800 coercemus

524 2821 790 2893 manu?
840 2843 965 2890 cur
1022 2842 1142 2891 eas
1178 2815 1535 2895 fodimus?
1577 2823 1792 2896 rubos
1845 2824 2045 2898 arvis

525 2916 961 2992 excidimus?
990 2933 1172 2988 terra
1206 2919 1280 2990 &
1307 2917 1450 2992 haec
1481 2938 1789 3019 generat.
1834 2919 2045 2996 Man-

521 3015 936 3091 suefacimus
965 3012 1343 3091 animalia?
1377 3016 1714 3091 indomita
1746 3016 2044 3098 nascun-⁴

518 3132 657 3192 tur.
717 3115 986 3210 Verum
1013 3129 1051 3210 ,⁴
1081 3113 1156 3188 id
1188 3112 1288 3192 est
1319 3117 1614 3195 maxime
1665 3118 2044 3221 naturales
