2250 3761
494 132 641 207 Dr.
702 128 1550 204 composxnonn.
1661 147 1789 221 ¹73

351 248 776 346 Ubicunque
824 244 1086 318 acriter
1141 243 1276 318 erit
1335 244 1416 316 δι
1471 241 1799 316 instanter

271 346 831 449 pugnaciterque
879 343 1250 417 dicendum
1280 397 1303 433 ‚
1352 342 1797 414 membratim

270 450 316 486 ⁴*
345 445 723 543 caefimque
749 444 1086 517 dicemus.
1131 442 1314 514 Nam
1353 442 1493 514 hoc
1534 441 1606 512 in
1643 465 1799 511 ora·

1817 432 1847 463 ⁴³
1867 430 1992 481 Vcde
2010 446 2161 481 exem·

1809 496 1900 561 pla
1935 497 1985 545 in
2022 513 2155 544 orat.

269 543 473 619 tione
505 544 886 643 plurimum
916 541 1114 615 valet
1150 567 1170 612 z
1213 539 1541 639 adeoque
1581 540 1792 611 rebus
1806 579 1902 626 pro
1925 560 2044 635 sz.
2071 579 2160 624 37.

270 642 878 718 accommodanda
897 638 1312 736 compositio
1344 693 1368 726 ‚
1422 656 1500 709 ut
1531 639 1792 735 asperis
1808 644 1902 691 ΡΜ
1925 626 2032 692 ¹³ss-
2061 635 2116 689 9²

271 742 560 842 asperos
602 740 818 837 etiam
848 762 1179 812 numeros
1218 736 1537 809 adhiberi
1570 762 1794 834 opor-

265 858 418 915 teat
443 892 470 927 ,
516 843 599 916 &
635 864 800 913 cum
841 838 1120 912 dicente
1164 835 1362 933 aeque
1392 834 1806 909 audientem'

271 937 783 1015 inhorrescere.
866 935 1317 1009 Membratim
1375 934 1789 1033 plerumque

266 1037 708 1110 narrabimus
736 1091 760 1124 ,
783 1051 922 1107 ·aut
950 1032 1127 1130 ipsas
1152 1031 1482 1128 periodos
1510 1032 1791 1125 majori-

267 1133 402 1209 bus
428 1134 820 1227 intervallis
842 1189 866 1225 ,
909 1134 989 1204 &
1012 1131 1211 1203 velut
1243 1130 1629 1203 laxioribus
1658 1158 1792 1202 no·

265 1232 376 1305 dis
406 1233 844 1309 resolvemus
868 1281 893 1316 ‚
936 1228 1248 1325 exceptis
1289 1252 1443 1325 quae
1482 1253 1624 1299 non
1654 1231 1792 1299 do-

272 1331 482 1405 cendi
505 1330 762 1431 gratia,
792 1328 909 1402 sed
934 1325 1236 1400 ornandi
1263 1345 1635 1398 narrantur
1661 1354 1679 1398 ε
1712 1346 1790 1399 ut

265 1427 347 1501 in
397 1432 691 1504 Verrem
720 1490 748 1519 ‚
803 1423 1232 1525 Proserpinae
1284 1442 1548 1521 raptus.
1621 1425 1789 1497 Haec
1815 1445 2154 1503 aym-noc.

261 1525 458 1602 enim
487 1527 660 1602 lenis
692 1527 773 1599 δι
800 1525 1023 1598 fluens
1055 1540 1427 1598 contextus
1453 1521 1688 1597 decet.

331 1626 672 1702 Periodus
696 1651 733 1699 a
785 1642 853 1699 ta
876 1622 1235 1721 prooemiis
1259 1621 1602 1710 maiorum
1623 1647 1790 1695 cau-

260 1723 490 1798 sarum
512 1781 537 1817 ,
569 1724 695 1798 ubi
748 1720 1204 1804 olicitudine,
1235 1721 1790 1794 commendatio-

260 1848 356 1898 ne
374 1831 414 1914 ‚⁴
439 1822 887 1898 miseratione
913 1845 1024 1895 res
1046 1837 1231 1920 eget.
1268 1821 1441 1891 Item
1469 1843 1785 1894 commu·

263 1921 478 1993 nibus
504 1923 677 1995 locis
705 1976 730 2009 ,
772 1923 852 1994 &
878 1919 953 1992 in
977 1920 1172 1992 omni
1196 1917 1779 2017 amplificatione:

261 2018 389 2092 sed
435 2019 745 2119 poscitur
791 2037 942 2093 tum
979 2017 1249 2112 austera
1285 2073 1308 2109 ,
1352 2017 1402 2089 fi
1448 2018 1778 2107 accuses;

257 2135 412 2191 tum
442 2118 590 2191 fusa
618 2176 643 2212 ,
680 2120 730 2193 fi
766 2117 1028 2191 laudes,
1077 2117 1377 2189 Multum
1415 2121 1494 2194 &
1528 2119 1596 2189 in
1628 2119 1781 2216 epi-

132 2233 153 2256 ’“
257 2215 434 2316 logis
461 2218 713 2317 pollet.
744 2218 1014 2290 Totum
1040 2233 1279 2289 autem
1308 2216 1778 2289 adhibendum

260 2315 403 2406 est,
445 2317 718 2414 quo-fit
745 2316 1043 2415 amplius
1089 2313 1607 2409 compofitionis
1653 2340 1779 2410 ge·-

259 2436 393 2484 nus
421 2468 446 2504 ,
487 2417 645 2486 cum
681 2415 891 2510 judex
931 2439 1073 2487 non
1099 2412 1323 2486 solum
1353 2436 1503 2483 rem
1534 2429 1729 2483 tenet
1748 2466 1775 2502 ‚

256 2507 381 2583 sed
406 2511 619 2585 etiam
639 2532 883 2611 captus
904 2512 1001 2586 est
1022 2511 1348 2585 oratione
1367 2564 1392 2600 ,
1423 2510 1501 2582 &
1526 2508 1595 2581 se
1623 2534 1779 2581 cre-

252 2607 363 2681 dit
387 2611 607 2683 adori
630 2663 658 2700 ,
698 2616 779 2687 &
811 2612 1183 2709 voluptate
1211 2607 1352 2703 jam
1377 2606 1678 2681 ducitur.
1754 2671 1762 2678 .

338 2707 649 2784 Historia
702 2735 844 2783 non
893 2727 1037 2783 tam
1084 2707 1325 2781 finitos
1385 2732 1717 2783 numeros
1747 2765 1775 2803 ,

353 2807 469 2877 am
509 2807 764 2882 orbem
803 2808 1178 2908 quemdam
1218 2806 1628 2883 contextum
1684 2835 1776 2884 ue

298 2903 617 2981 efiderat.
661 2908 989 3005 Namque
1015 2907 1247 2979 omnia
1274 2905 1423 3001 ejus
1457 2931 1643 2980 mem
1699 2933 1777 2981 ra

246 3024 576 3077 connexa
607 3005 764 3078 sunt
789 3056 814 3091 ,
849 3005 1186 3105 quoniam
1216 3004 1481 3080 lubrica
1509 3004 1607 3077 est
1627 3059 1650 3096 ‚
1691 3031 1780 3079 ac

245 3095 407 3172 fluit
432 3129 453 3174 ε
480 3120 562 3179 ut
588 3103 914 3181 homines
951 3103 1074 3203 qui
1105 3101 1436 3270 manibuks1
1465 3099 1783 3214 invicem

1473 3225 1546 3294 ¹¹1
