2250 3761
459 103 598 209 368
687 136 692 139 ·
771 98 881 179 Ῑ..ι
912 127 981 181 13.
1041 100 1231 182 XII.
1291 98 1522 183 CAP.
1570 101 1628 183 1.

459 220 622 302 serti
647 223 791 299 'effe
826 223 1038 394 cq1uaeiuu
1064 223 1236 296 boni
1263 223 1561 323 malint)
1595 224 1715 297 illa
1743 223 2045 318 dicen..

461 342 571 400 tes'
612 352 628 398 ε
674 322 822 416 Qui
898 346 1070 421 ergo
1095 323 1372 393 *tantum
1419 321 1515 413 est
1548 323 1717 395 artis
1743 323 1826 395 in
1861 327 2045 399 elo-

463 423 749 523 quentia
780 423 808 494 ?
852 442 978 494 cur
1021 436 1100 491 tu
1130 420 1217 519 de
1257 420 1615 494 coloribus
1639 477 1663 513 ‚
1701 425 1784 496 δι
1810 416 2039 496 (ὶίΗὶ-

472 518 707 595 cilium
755 519 1119 592 causarum
1171 512 1624 610 defenfione,
1675 522 2041 596 nonnihil

471 618 686 694 'etiam
717 618 806 691 de
832 637 863 668 ⁴²
900 615 1211 691 confeffo
1239 615 1520 689 locutus
1555 641 1632 690 es
1662 651 1688 703 ,-
1729 620 1861 691 nifi
1889 619 2043 693 ali-'
2160 658 2171 665 ·

472 716 759 818 'quando
818 715 934 791 vis
992 719 1071 790 &
1099 714 1395 789 facultas
1460 711 1736 788 dicendi
1774 724 2037 816 expu*
2066 707 2075 715 ⁶
2160 750 2169 759 ·

471 816 638 916 gnat
684 812 896 911 ipsam
925 813 1300 887 veritatem
1333 816 1361 887 ἓ
1403 814 1640 887 Bonus
1671 815 1862 887 enim
1897 816 2028 890 vir

475 933 620 988 non
658 911 800 1011 agit
828 912 946 983 nili
988 912 1209 985 bonas
1246 911 1494 984 'causas
1538 938 1557 984 τ
1612 938 1724 986 eas
1769 938 2031 1010 porro

479 1014 692 1088 etiam
732 1009 871 1081 fine
911 1002 1229 1082 doctrina
1270 1008 1431 1083 satis
1477 1035 1609 1107 per
1656 1011 1723 1085 se
1752 1022 2024 1086 tuetur

483 1110 747 1189 veritas
794 1106 962 1206 ipsa.

493 1208 502 1213 ’
561 1238 586 1281 1
608 1258 625 1280 .
650 1207 972 1300 'Qutssus
1000 1218 1134 1304 egp
1156 1261 1180 1300 ,
1209 1204 1366 1280 cum
1398 1203 1484 1278 de
1509 1228 1678 1277 meo
1704 1205 2018 1304 primum

483 1303 705 1406 bpere
731 1304 1206 1403 respondero,
1247 1303 1461 1377 etiam
1501 1327 1633 1401 pro
1671 1304 1847 1376 boni
1876 1304 2015 1379 viri

487 1404 764 1496 offici0‚
803 1404 852 1475 fi
895 1405 1181 1502 quando
1211 1427 1374 1476 eum
1409 1403 1497 1475 ad
1532 1401 2018 1476 defensionem

489 1503 898 1579 nocentium
949 1502 1137 1607 1239
1185 1501 1461 1574 duxerit
1493 1556 1515 1589 ‚
1561 1499 2023 1575 satisfaciam.

492 1602 925 1679 Pertraftare
953 1599 1138 1673 enim
1166 1624 1312 1699 quo
1341 1599 1558 1671 modo
1585 1617 1708 1671 aut
1735 1623 1864 1696 pro
1889 1599 2029 1670 fal·

496 1703 580 1775 ἧς
605 1757 628 1793 ,
672 1717 790 1774 aut
813 1698 1024 1771 etiam
1064 1723 1192 1796 pro
1214 1697 1473 1791 injustis
1501 1697 1866 1796 aliquando
1899 1696 2018 1766 di-

497 1816 703 1874 catur
730 1854 753 1892 ,
790 1822 930 1870 non
960 1796 1057 1872 est
1086 1796 1329 1870 inutile
1358 1851 1378 1887 ,
1410 1796 1534 1869 vel*
1559 1817 1836 1894 propter
1862 1793 2015 1869 hoc

501 1900 728 1974 solum
752 1954 772 1988 ,
798 1915 875 1970 ut
896 1923 978 1971 ea
999 1896 1268 1972 facilius
1289 1897 1365 1968 &
1384 1893 2019 2066 depreffindamuS,

504 1998 585 2069 δε
623 1994 1016 2068 refellamus
1045 2024 1064 2068 ε
1097 1994 1612 2095 quemadmodu
1710 1992 2027 2065 remedia

505 2093 757 2167 melius
783 2093 1140 2166 adhibebit
1171 2149 1194 2185 ‚
1230 2095 1343 2169 cui
1382 2111 1552 2167 nota
1576 2116 1725 2190 quae·
1751 2108 2029 2188 nocent

505 2190 796 2266 fuerint}
830 2190 1082 2289 Neque
1101 2192 1289 2265 enim
1309 2189 1741 2280 Academici,
1767 2188 1924 2262 cum
1942 2187 2027 2259 in

477 2293 480 2294 ⁷
510 2293 886 2388 utramque
909 2289 1237 2364 differunt
1262 2309 1534 2388 partem
1553 2346 1577 2382 ‚
1612 2313 1755 2362 non
1774 2284 2025 2359 secun-

513 2391 675 2476 dum
702 2389 995 2462 alteram
1028 2389 1309 2465 vivunt.
1345 2388 1600 2487 Neque
1625 2385 2021 2461 Carneades

516 2490 635 2563 ille
659 2546 679 2578 ‚
725 2486 847 2585 qui
888 2490 1134 2561 Romae
1157 2486 1483 2559 audiente
1514 2483 1859 2559 Censorio
1885 2486 2022 2556 Ca·
2090 2565 2095 2568 ,

518 2591 705 2658 'tone'
723 2610 864 2655 non
882 2586 1269 2658 minoribus
1292 2584 1562 2661 viribus
1583 2601 1829 2657 contra
1853 2577 2023 2675 justi-

521 2683 696 2754 tiam
751 2682 1004 2753 dicitur
1052 2682 1423 2756 differuiffe
1468 2743 1484 2767 ‚
1586 2682 1742 2753 uam
1810 2673 2025 2776 pridie

523 2801 657 2876 pro
702 2776 953 2870 justitia
1012 2779 1284 2853 dixerat
1313 2836 1335 2872 ,
1381 2780 1527 2873 inju
1591 2804 1668 2852 us
1724 2779 1864 2875 ipse
1915 2777 2023 2851 vir

524 2874 681 2949 fuit.
720 2874 984 2948 Verum
1018 2876 1094 2950 ὅ(
1130 2879 1353 2955 virtus
1397 2876 1568 2978 quid
1593 2877 1669 2949 fit
1692 2931 1717 2971 ,
1745 2874 2022 2950 adversa

591 3066 623 3099 a
636 3050 722 3113 De
740 3044 965 3112 confeffo,
986 3042 1148 3107 supple
1165 3041 1380 3108 crimine,
1394 3057 1599 3112 peccato
1620 3072 1642 3107 ‚
1670 3045 1766 3095 δίει
1784 3035 2025 3109 quomedo

535 3112 760 3177 videlicet
773 3111 833 3176 ,id
858 3108 1071 3165 excusati
1081 3106 1239 3173 poffit.
1259 3108 1533 3174 Capperon·
2006 3125 2013 3132 ’
