2250 3761
551 156 646 251 48
827 153 1047 226 Lm.
1105 141 1368 220 ‘v111.
1415 146 1651 221 cn.
1706 101 1858 218 111‘.

482 264 507 285 ‘
552 295 693 369 que
720 268 992 365 spiritus
1020 265 1237 338 habet
1257 320 1281 355 ‚
1312 263 1553 337 auditu
1577 262 1907 361 pulcrior.
1937 262 2063 343 Et3

550 368 743 466 quod
768 363 933 435 facit
954 362 1377 462 syllabarum
1400 417 1423 452 ,
1455 360 1644 432 idem
1669 360 2064 434 verborum

548 486 836 561 quoque
872 461 1055 533 inter
1078 461 1147 535 se
1174 458 1531 557 copulatio
1552 512 1576 550 ,
1601 473 1679 529 ut
1719 457 1908 531 aliud
1937 458 2064 539 alii

544 561 852 658 inustum
885 558 1133 633 melihs
1166 557 1388 631 sonet».

631 656 976 733 Diversus
1005 655 1102 730 est
1136 674 1374 729 tamen
1406 652 1591 729 usus.
1616 653 1802 727 Nam
1840 653 2061 727 rebus

541 755 905 845 atrocibus
931 755 1156 830 verba
1182 753 1398 828 etiam
1434 752 1587 851 ipso
1609 752 1851 826 auditu
1871 752 2063 849 aspe-

535 880 617 929 ra
649 853 865 954 magis
894 852 1347 928 convenient.
1380 853 1455 922 In
1480 849 1882 927 universum
1905 851 2064 949 qui-

543 954 710 1027 dem
744 1008 768 1044 ,
827 952 1093 1049 optima
1141 948 1553 1048 fimplicium
1625 947 2061 1045 creduntur,

595 1078 700 1123 uae
740 1067 862 1123 aut
905 1048 1205 1148 rnaxime
1240 1048 1632 1122 exclamant
1666 1074 1689 1135 ‚·
1731 1066 1858 1120 aut
1882 1047 2063 1120 sono

536 1076 697 1222 Punt
738 1146 1232 1242 jucundiffima.
1293 1147 1381 1217 Et
1429 1144 1719 1218 honesta
1820 1145 2059 1218 uidem
2130 1172 2137 1177 ·

536 1247 856 1344 turpibus
893 1244 1181 1344 potiora
1208 1243 1531 1342 semper,
1586 1267 1717 1318 nec
1792 1240 2063 1317 ordidis

541 1353 636 1418 un
690 1369 853 1417 uam
875 1344 947 1415 in
971 1342 1302 1417 oratione
1335 1341 1606 1417 erudita
1630 1341 1857 1417 locus,
1888 1341 2063 1415 Cla-

538 1464 621 1516 ra
644 1444 668 1515 i
699 1443 765 1515 la
787 1497 810 1533 ,
835 1458 1048 1541 atque
1077 1441 1397 1514 sublimia
1415 1496 1439 1532 ‚
1467 1440 1886 1540 plerumque
1916 1463 2066 1511 ma·

200 1583 224 1605 ·
259 1580 508 1632 AEstiman-
539 1541 740 1617 t'eriae
754 1540 973 1613 modo
994 1541 1041 1578 *⁵
1064 1541 1414 1637 cernenda
1433 1537 1607 1612 sunt.
1629 1539 1850 1632 Quod
1872 1536 2062 1610 enim

170 1644 252 1694 ⁶1²·
261 1644 509 1758 daDiiudi·
544 1640 713 1716 alibi
777 1634 1223 1736 magnificum
1262 1686 1288 1721 ,
1343 1633 1916 1706 tumidumalibi.
1965 1637 2060 1706 Et

167 1725 257 1759 ‘³⁸¹²
324 1740 338 1755 ’
536 1758 696 1837 'quae
716 1736 1000 1806 humilia
1029 1733 1215 1829 circa
1239 1744 1350 1814 res
1374 1754 1653 1828 magnas
1677 1782 1701 1820 ‚
1731 1747 1894 1828 apta
1923 1730 2058 1802 cir··

539 1858 621 1911 ca
638 1832 949 1905 minores
967 1828 1321 1904 videntur.
1339 1828 1430 1899 Et
1447 1825 1613 1902 ficut
1630 1828 1704 1901 in
1725 1827 2055 1903 oratione

538 1930 761 2005 nitida
815 1925 1130 2002 notabile
1171 1925 1281 2028 ⁸est
1328 1924 1652 2001 humilius
1700 1926 2055 2018 verbum‘,

540 2031 620 2102 &
662 2027 861 2100 velut
908 2023 1179 2099 macula
1201 2050 1226 2113 3
1273 2025 1370 2099 ita
1409 2025 1450 2097 ὲ
1491 2024 1814 2101 sermone
1855 2025 2054 2098 tenui

537 2124 831 2198 sublime
874 2121 1313 2222 nitidfimque
1369 2121 1768 2216 discordat,
1822 2119 2052 2222 fitque

540 2242 993 2319 corruptum,
1032 2220 1201 2320 quia
1238 2222 1307 2294 in
1332 2220 1543 2320 plano
1572 2239 1820 2297 tumet.

645 2321 987 2414 Quaedam
1018 2343 1160 2392 non
1181 2336 1330 2393 tam
1354 2320 1628 2393 ratione
1653 2322 1868 2419 'qnam
1904 2320 2050 2399 sen-j

540 2417 1080 2517 sujudicantur;
1109 2417 1422 2510 utillud,
1465 2439 1470 2448 ·
1523 2511 1524 2514 Ἴ
1895 2468 1902 2475 -

783 2520 973 2612 Coesc?
996 2517 1359 2613 jungebant
1374 2515 1615 2606 faedera
1646 2517 1852 2611 porca?
1874 2566 1903 2602 ,
2007 2529 2012 2534 “

540 2613 710 2688 fecit
755 2615 1079 2711 elegans,
1131 2613 1314 2685 fiffio
1359 2613 1663 2686 nominis
1702 2640 1720 2687 ε
1778 2609 1967 2712 φιὸά
1998 2597 2049 2682 fi
2091 2642 2102 2646 ·

540 2710 769 2782 fuiffet
809 2721 1096 2804 porcos
1122 2708 1267 2781 vile
1303 2724 1474 2781 erat.⁸
1514 2711 1592 2781 In
1640 2708 2045 2810 quibusdam

541 2804 725 2877 ratio
745 2802 1101 2877 manifesta
1131 2802 1249 2875 est.
1281 2804 1614 2899 Rifimus,
1642 2812 1720 2885 &
1748 2802 2045 2892 merite,

539 2926 762 3001 nuper
789 2917 1073 3003 poetam
1104 2899 1226 2997 qui
1260 2901 1576 2979 dixerat:
1631 2939 1638 2944 ·

916 3002 1058 3073 Prae
1066 3021 1311 3071 textam
1334 3004 1405 3072 in
1432 3005 1582 3103 cista
1612 3020 1810 3075 mures
1846 2993 2043 3090 rosm

1076 3099 1378 3176 camilli.
1716 3131 1722 3138 ·
1876 3120 1883 3129 ·
1985 3123 2020 3130 ‘¹

162 2572 214 2622 8.
244 2567 369 2618 AEn.
394 2574 517 2627 αι.
