2250 3761
460 105 612 184 Ιι86
736 180 741 185 ,
822 106 1023 178 Lm.
1083 101 1186 176 X.
1254 102 1477 175 (ΞΜ).
1546 99 1604 178 Ι.
1673 120 1686 125 “

465 227 729 302 artibus
763 279 786 316 ,
842 225 999 294 cum
1046 221 1137 294 εὸ
1186 220 1306 319 qui
1359 219 1559 292 discit
1610 221 1986 317 perduchis

465 324 567 400 cst
597 379 620 412 ‚
674 339 751 394 ut
787 346 869 393 ea
909 320 1300 418 intelligere
1333 318 1471 391 fine
1506 319 1990 394 demonstran-

470 440 540 495 te
577 478 594 502 ‚
653 421 731 491 &
785 418 976 515 sequi
1028 417 1171 511 jam
1220 416 1354 489 suis
1405 417 1672 492 viribus
1725 421 1992 514 poffit;

468 517 629 613 quia
649 542 804 616 quae
830 516 1079 589 doclor
1104 513 1418 615 praecipit
1442 569 1459 599 ‚
1494 534 1741 589 orator
1759 516 1995 591 osten-

467 615 589 688 dit.

561 716 757 787 AuA
804 713 984 787 verb
1029 712 1342 808 legentes
1373 768 1405 807 ,.
1449 712 1582 787 alia
1624 713 2038 788 audientes·

463 812 690 911 inagis
713 811 1068 906 adjuvant.
1085 811 1501 908 Excitatqui
1513 810 1682 885 dicit
1702 868 1724 903 ‚
1744 812 1991 911 spiritu

472 908 625 1007 ipso
647 962 669 994 ,
702 935 832 983 nec
859 910 1157 1007 imagine
1186 914 1262 984 &
1281 912 1548 984 ambitu
1568 935 1796 982 rerum
1823 965 1854 1001 v
1874 910 1993 984 sed

474 1006 684 1082 rebus
704 1007 1039 1081 incendit.
1075 1008 1344 1082 Vivunt
1363 1009 1551 1083 enim
1576 1010 1810 1081 omnia
1837 1063 1860 1100 ,
1910 1011 1996 1091 &

477 1121 883 1197 moventur,
901 1106 1423 1205 excipimusque
1445 1131 1634 1178 nova
1652 1104 1997 1180 illa-velut

476 1203 868 1293 nascentia,
914 1228 1072 1279 cum
1119 1202 1370 1278 favore
1412 1229 1494 1278 ac
1536 1201 1996 1276 solicitudine.

476 1301 631 1376 Nec
653 1300 937 1374 fortuna
969 1300 1438 1397 modbjudicii
1455 1358 1479 1393 ‚
1509 1302 1624 1375 sed
1648 1298 1859 1373 etiam
1881 1299 1998 1396 ip-

474 1398 711 1473 sorum
770 1400 889 1499 qui
956 1416 1159 1472 orant
1193 1456 1214 1487 ‚
1264 1399 1578 1498 periculo
1636 1398 1996 1471 afficimur.

478 1498 740 1571 Praeter
767 1499 915 1569 haec
935 1553 958 1588 ‚
991 1523 1141 1571 vox
1169 1498 1247 1570 &
1276 1497 1461 1571 astio
1477 1500 1732 1571 decora
1757 1507 2001 1581 ,cosn-

476 1597 690 1669 moda
707 1651 729 1688 ‚
758 1613 833 1668 ut
855 1596 1141 1694 quisque
1164 1595 1363 1668 locus
1387 1595 1761 1690 postulabit
1781 1649 1803 1685 ‚
1832 1617 2003 1691 pro-

475 1693 842 1777 nuntiandi
894 1693 1009 1766 vel
1061 1691 1525 1788 potentiffima
1568 1692 1641 1763 in
1689 1690 1998 1764 dicendo

477 1792 665 1866 ratio
687 1844 709 1882 ‚
742 1791 822 1861 &
842 1843 864 1880 ,
907 1806 984 1862 ut
1010 1787 1218 1861 semel
1252 1786 1521 1880 dicam,
1551 1786 1817 1887 pariter
1845 1814 2001 1865 om-

476 1889 592 1963 nia
629 1891 907 1961 decent.

573 1990 649 2058 In
698 1985 993 2058 lectidne
1045 1984 1302 2061 certius
1355 1984 1684 2083 judicium
1721 2040 1743 2075 ‚
1799 1986 1999 2085 quod

479 2082 791 2158 audienti
824 2083 1234 2182 frequenter
1263 2103 1383 2158 aut
1420 2084 1577 2157 suus
1609 2084 1866 2182 cuique
1891 2084 2005 2156 fa·-

477 2206 618 2260 vor
641 2237 664 2273 ‚
706 2198 825 2253 aut
855 2182 970 2253 ille
1001 2182 1435 2256 laudantium
1458 2183 1724 2254 clamor
1762 2199 2001 2256 extor-

482 2298 678 2380 quet.
727 2280 947 2354 Pudet
990 2280 1179 2352 enim
1224 2280 1575 2354 diffentire
1605 2336 1628 2371 ‚
1680 2282 1758 2353 &
1797 2279 2004 2352 velut

484 2378 695 2454 tacita
760 2371 1068 2477 qu’z'idam
1129 2378 1555 2453 verecundia
1610 2378 2004 2450 inhibemur

481 2478 639 2577 plus
662 2477 867 2550 nobis
898 2479 1187 2550 credere
1221 2505 1242 2566 ;
1279 2480 1437 2552 cii-m
1464 2475 1743 2548 interim
1780 2477 1855 2547 &
1880 2473 2000 2548 vi-

484 2577 665 2649 tiosa
690 2574 1003 2672 pluribus
1034 2576 1396 2672 placeant,
1434 2578 1508 2648 &
1546 2575 1580 2644 ὲ
1610 2571 2003 2671 corrogatis

485 2674 859 2746 laudentur
903 2675 1115 2746 etiam
1148 2700 1300 2770 quae
1335 2698 1475 2761 non
1521 2673 1821 2768 placent.
1868 2671 2007 2743 Sed
2109 2665 2127 2675 ’

476 2771 530 2844 ,ὲ
562 2769 919 2840 contrario
955 2793 1241 2867 quoque
1269 2770 1571 2860 accidit,
1617 2789 1696 2840 ut
1732 2767 2004 2864 optime

488 2865 677 2940 distis
720 2866 1011 2964 gratiam
1064 2892 1285 2963 prava
1331 2868 1582 2962 judicia
1631 2892 1775 2938 non
1823 2865 2006 2939 refe·

482 2981 666 3038 rant.
702 2963 936 3036 Lectio
966 2964 1187 3037 libera
1229 2967 1327 3040 est
1351 3023 1373 3056 ‚
1407 2991 1533 3040 nec
1565 2963 2008 3037 afflonisjm-

482 3080 658 3167 petu
714 3061 1116 3142 transcurrit
1146 3119 1173 3159 ‚
1222 3065 1350 3142 sed.
1385 3081 1712 3165 repetere
1758 3060 2010 3162 saepius
