<?xml version="1.0" encoding="UTF-8"?>
<!DOCTYPE html PUBLIC "-//W3C//DTD XHTML 1.0 Transitional//EN"
    "http://www.w3.org/TR/xhtml1/DTD/xhtml1-transitional.dtd">
<html xmlns="http://www.w3.org/1999/xhtml" xml:lang="en" lang="en">
 <head>
  <title>
</title>
<meta http-equiv="Content-Type" content="text/html;charset=utf-8" />
  <meta name='ocr-system' content='tesseract 3.04.00' />
  <meta name='ocr-capabilities' content='ocr_page ocr_carea ocr_par ocr_line ocrx_word'/>
</head>
<body>
  <div class='ocr_page' id='page_1' title='image "./marcifabiiquint00quingoog_0213.png"; bbox 0 0 2250 3761; ppageno 0'>
   <div class='ocr_carea' id='block_1_1' title="bbox 512 131 1796 228">
    <p class='ocr_par' dir='ltr' id='par_1_1' title="bbox 512 131 1796 228">
     <span class='ocr_line' id='line_1_1' title="bbox 512 131 1796 228; baseline 0.009 -21"><span class='ocrx_word' id='word_1_1' title='bbox 512 131 637 207; x_wconf 73' lang='lat' dir='ltr'>DE</span> <span class='ocrx_word' id='word_1_2' title='bbox 694 152 947 228; x_wconf 68' lang='lat' dir='ltr'>copm</span> <span class='ocrx_word' id='word_1_3' title='bbox 994 137 1512 213; x_wconf 70' lang='lat' dir='ltr'>VERBORUM.‘</span> <span class='ocrx_word' id='word_1_4' title='bbox 1665 165 1796 219; x_wconf 81' lang='lat'>201</span> 
     </span>
    </p>
   </div>
   <div class='ocr_carea' id='block_1_2' title="bbox 184 242 1815 3271">
    <p class='ocr_par' dir='ltr' id='par_1_2' title="bbox 231 242 1805 525">
     <span class='ocr_line' id='line_1_2' title="bbox 231 242 1805 352; baseline 0.01 -34"><span class='ocrx_word' id='word_1_5' title='bbox 231 285 244 289; x_wconf 73' lang='lat'><em>-</em></span> <span class='ocrx_word' id='word_1_6' title='bbox 286 242 390 320; x_wconf 86' lang='lat' dir='ltr'>las</span> <span class='ocrx_word' id='word_1_7' title='bbox 440 249 916 327; x_wconf 80' lang='lat' dir='ltr'>in-certamen</span> <span class='ocrx_word' id='word_1_8' title='bbox 968 251 1242 329; x_wconf 87' lang='lat' dir='ltr'>deferre</span> <span class='ocrx_word' id='word_1_9' title='bbox 1293 256 1805 352; x_wconf 84' lang='lat' dir='ltr'>posterioribus</span> 
     </span>
     <span class='ocr_line' id='line_1_3' title="bbox 284 347 1805 457; baseline 0.009 -41"><span class='ocrx_word' id='word_1_10' title='bbox 284 347 519 442; x_wconf 84' lang='lat' dir='ltr'>poetis</span> <span class='ocrx_word' id='word_1_11' title='bbox 547 351 996 424; x_wconf 85' lang='lat' dir='ltr'>Athenienses</span> <span class='ocrx_word' id='word_1_12' title='bbox 1031 352 1411 450; x_wconf 66' lang='lat' dir='ltr'>permisere</span> <span class='ocrx_word' id='word_1_13' title='bbox 1436 410 1462 449; x_wconf 85' lang='lat'>,</span> <span class='ocrx_word' id='word_1_14' title='bbox 1504 355 1805 457; x_wconf 73' lang='lat' dir='ltr'>suntque</span> 
     </span>
     <span class='ocr_line' id='line_1_4' title="bbox 285 448 1236 525; baseline 0.007 -8"><span class='ocrx_word' id='word_1_15' title='bbox 285 467 383 517; x_wconf 86' lang='lat' dir='ltr'>eo</span> <span class='ocrx_word' id='word_1_16' title='bbox 414 448 630 518; x_wconf 88' lang='lat' dir='ltr'>modo</span> <span class='ocrx_word' id='word_1_17' title='bbox 663 449 865 520; x_wconf 89' lang='lat' dir='ltr'>multi</span> <span class='ocrx_word' id='word_1_18' title='bbox 890 450 1236 525; x_wconf 88' lang='lat' dir='ltr'>coronati.</span> 
     </span>
    </p>

    <p class='ocr_par' dir='ltr' id='par_1_3' title="bbox 268 543 1803 2504">
     <span class='ocr_line' id='line_1_5' title="bbox 381 543 1802 645; baseline 0.012 -32"><span class='ocrx_word' id='word_1_19' title='bbox 381 543 518 614; x_wconf 88' lang='lat' dir='ltr'>Sed</span> <span class='ocrx_word' id='word_1_20' title='bbox 563 545 772 645; x_wconf 79' lang='lat' dir='ltr'>longe</span> <span class='ocrx_word' id='word_1_21' title='bbox 814 548 1060 621; x_wconf 76' lang='lat' dir='ltr'>clarius</span> <span class='ocrx_word' id='word_1_22' title='bbox 1107 549 1614 627; x_wconf 89' lang='lat' dir='ltr'>illustraverunt</span> <span class='ocrx_word' id='word_1_23' title='bbox 1661 553 1802 631; x_wconf 83' lang='lat' dir='ltr'>hoc</span> 
     </span>
     <span class='ocr_line' id='line_1_6' title="bbox 285 643 1803 749; baseline 0.009 -38"><span class='ocrx_word' id='word_1_24' title='bbox 285 663 463 737; x_wconf 90' lang='lat' dir='ltr'>opus</span> <span class='ocrx_word' id='word_1_25' title='bbox 500 643 887 739; x_wconf 85' lang='lat' dir='ltr'>Sophocles</span> <span class='ocrx_word' id='word_1_26' title='bbox 929 664 1141 744; x_wconf 85' lang='lat' dir='ltr'>atque</span> <span class='ocrx_word' id='word_1_27' title='bbox 1185 648 1547 746; x_wconf 85' lang='lat' dir='ltr'>Euripides</span> <span class='ocrx_word' id='word_1_28' title='bbox 1578 679 1594 724; x_wconf 76' lang='grc' dir='ltr'><strong>ε</strong></span> <span class='ocrx_word' id='word_1_29' title='bbox 1625 677 1803 749; x_wconf 85' lang='lat' dir='ltr'>quo-</span> 
     </span>
     <span class='ocr_line' id='line_1_7' title="bbox 285 738 1803 845; baseline 0.01 -38"><span class='ocrx_word' id='word_1_30' title='bbox 285 761 440 810; x_wconf 87' lang='lat' dir='ltr'>rum</span> <span class='ocrx_word' id='word_1_31' title='bbox 462 738 536 811; x_wconf 90' lang='lat' dir='ltr'>in</span> <span class='ocrx_word' id='word_1_32' title='bbox 566 742 818 839; x_wconf 88' lang='lat' dir='ltr'>dispari</span> <span class='ocrx_word' id='word_1_33' title='bbox 843 744 1120 817; x_wconf 90' lang='lat' dir='ltr'>dicendi</span> <span class='ocrx_word' id='word_1_34' title='bbox 1148 745 1267 820; x_wconf 89' lang='lat' dir='ltr'>via</span> <span class='ocrx_word' id='word_1_35' title='bbox 1293 764 1455 819; x_wconf 89' lang='lat' dir='ltr'>uter</span> <span class='ocrx_word' id='word_1_36' title='bbox 1476 749 1553 820; x_wconf 85' lang='lat' dir='ltr'>fit</span> <span class='ocrx_word' id='word_1_37' title='bbox 1582 768 1803 845; x_wconf 80' lang='lat' dir='ltr'>poeta</span> 
     </span>
     <span class='ocr_line' id='line_1_8' title="bbox 282 838 1799 945; baseline 0.009 -38"><span class='ocrx_word' id='word_1_38' title='bbox 282 838 578 929; x_wconf 77' lang='lat' dir='ltr'>melior,</span> <span class='ocrx_word' id='word_1_39' title='bbox 609 839 791 913; x_wconf 82' lang='lat' dir='ltr'>inter</span> <span class='ocrx_word' id='word_1_40' title='bbox 815 842 1158 938; x_wconf 86' lang='lat' dir='ltr'>plurimos</span> <span class='ocrx_word' id='word_1_41' title='bbox 1183 845 1542 941; x_wconf 82' lang='lat' dir='ltr'>quaeritur.</span> <span class='ocrx_word' id='word_1_42' title='bbox 1579 848 1799 945; x_wconf 90' lang='lat' dir='ltr'>quue</span> 
     </span>
     <span class='ocr_line' id='line_1_9' title="bbox 284 937 1801 1039; baseline 0.01 -35"><span class='ocrx_word' id='word_1_43' title='bbox 284 956 420 1030; x_wconf 88' lang='lat' dir='ltr'>ego</span> <span class='ocrx_word' id='word_1_44' title='bbox 442 937 599 1010; x_wconf 74' lang='lat' dir='ltr'>sane</span> <span class='ocrx_word' id='word_1_45' title='bbox 619 993 642 1029; x_wconf 87' lang='lat'><strong>,</strong></span> <span class='ocrx_word' id='word_1_46' title='bbox 676 940 1009 1037; x_wconf 91' lang='lat' dir='ltr'>quoniam</span> <span class='ocrx_word' id='word_1_47' title='bbox 1035 942 1121 1013; x_wconf 87' lang='lat' dir='ltr'>ad</span> <span class='ocrx_word' id='word_1_48' title='bbox 1149 942 1558 1039; x_wconf 79' lang='lat' dir='ltr'>praesentem</span> <span class='ocrx_word' id='word_1_49' title='bbox 1586 964 1801 1019; x_wconf 86' lang='lat' dir='ltr'>mate·</span> 
     </span>
     <span class='ocr_line' id='line_1_10' title="bbox 279 1033 1798 1135; baseline 0.01 -34"><span class='ocrx_word' id='word_1_50' title='bbox 279 1033 458 1105; x_wconf 82' lang='lat' dir='ltr'>riam</span> <span class='ocrx_word' id='word_1_51' title='bbox 502 1036 670 1108; x_wconf 88' lang='lat' dir='ltr'>nihil</span> <span class='ocrx_word' id='word_1_52' title='bbox 712 1039 1013 1135; x_wconf 87' lang='lat' dir='ltr'>pertinet</span> <span class='ocrx_word' id='word_1_53' title='bbox 1037 1094 1060 1129; x_wconf 86' lang='lat'>‚</span> <span class='ocrx_word' id='word_1_54' title='bbox 1101 1039 1558 1135; x_wconf 81' lang='lat' dir='ltr'>injudicatum</span> <span class='ocrx_word' id='word_1_55' title='bbox 1592 1042 1798 1115; x_wconf 88' lang='lat' dir='ltr'>relin-</span> 
     </span>
     <span class='ocr_line' id='line_1_11' title="bbox 285 1134 1798 1233; baseline 0.009 -32"><span class='ocrx_word' id='word_1_56' title='bbox 285 1154 454 1227; x_wconf 38' lang='lat' dir='ltr'>quor</span> <span class='ocrx_word' id='word_1_57' title='bbox 508 1134 684 1207; x_wconf 88' lang='lat' dir='ltr'>Illud</span> <span class='ocrx_word' id='word_1_58' title='bbox 730 1136 1013 1233; x_wconf 89' lang='lat' dir='ltr'>quidem</span> <span class='ocrx_word' id='word_1_59' title='bbox 1053 1163 1263 1211; x_wconf 90' lang='lat' dir='ltr'>nemo</span> <span class='ocrx_word' id='word_1_60' title='bbox 1300 1163 1446 1212; x_wconf 90' lang='lat' dir='ltr'>non</span> <span class='ocrx_word' id='word_1_61' title='bbox 1492 1139 1798 1216; x_wconf 75' lang='lat' dir='ltr'>fateatur</span> 
     </span>
     <span class='ocr_line' id='line_1_12' title="bbox 279 1229 1799 1335; baseline 0.011 -37"><span class='ocrx_word' id='word_1_62' title='bbox 279 1229 568 1326; x_wconf 22' lang='lat' dir='ltr'>necefl&#39;eX</span> <span class='ocrx_word' id='word_1_63' title='bbox 589 1230 685 1304; x_wconf 92' lang='lat' dir='ltr'>est</span> <span class='ocrx_word' id='word_1_64' title='bbox 705 1286 727 1321; x_wconf 93' lang='lat'>‚</span> <span class='ocrx_word' id='word_1_65' title='bbox 765 1233 849 1305; x_wconf 90' lang='lat' dir='ltr'>iis</span> <span class='ocrx_word' id='word_1_66' title='bbox 882 1233 1096 1330; x_wconf 88' lang='lat' dir='ltr'>quise</span> <span class='ocrx_word' id='word_1_67' title='bbox 1125 1238 1211 1307; x_wconf 86' lang='lat' dir='ltr'>ad</span> <span class='ocrx_word' id='word_1_68' title='bbox 1237 1240 1576 1335; x_wconf 87' lang='lat' dir='ltr'>agendum</span> <span class='ocrx_word' id='word_1_69' title='bbox 1607 1261 1799 1315; x_wconf 88' lang='lat' dir='ltr'>com·</span> 
     </span>
     <span class='ocr_line' id='line_1_13' title="bbox 281 1327 1803 1432; baseline 0.012 -38"><span class='ocrx_word' id='word_1_70' title='bbox 281 1343 571 1419; x_wconf 76' lang='lat' dir='ltr'>parant,</span> <span class='ocrx_word' id='word_1_71' title='bbox 596 1327 954 1403; x_wconf 86' lang='lat' dir='ltr'>utiliorem</span> <span class='ocrx_word' id='word_1_72' title='bbox 974 1329 1180 1428; x_wconf 75' lang='lat' dir='ltr'>longe</span> <span class='ocrx_word' id='word_1_73' title='bbox 1197 1336 1596 1432; x_wconf 89' lang='lat' dir='ltr'>Euripidem</span> <span class='ocrx_word' id='word_1_74' title='bbox 1613 1338 1803 1413; x_wconf 75' lang='lat' dir='ltr'>fore.&#39;</span> 
     </span>
     <span class='ocr_line' id='line_1_14' title="bbox 280 1421 1793 1531; baseline 0.011 -40"><span class='ocrx_word' id='word_1_75' title='bbox 280 1421 608 1522; x_wconf 82' lang='lat' dir='ltr'>Namque</span> <span class='ocrx_word' id='word_1_76' title='bbox 634 1426 690 1498; x_wconf 90' lang='lat' dir='ltr'>is</span> <span class='ocrx_word' id='word_1_77' title='bbox 714 1426 889 1501; x_wconf 89' lang='lat' dir='ltr'>&amp;in</span> <span class='ocrx_word' id='word_1_78' title='bbox 914 1426 1234 1503; x_wconf 90' lang='lat' dir='ltr'>sermone</span> <span class='ocrx_word' id='word_1_79' title='bbox 1281 1430 1316 1529; x_wconf 91' lang='lat'>(</span> <span class='ocrx_word' id='word_1_80' title='bbox 1345 1435 1533 1531; x_wconf 90' lang='lat' dir='ltr'>quod</span> <span class='ocrx_word' id='word_1_81' title='bbox 1568 1435 1793 1531; x_wconf 89' lang='lat' dir='ltr'>ipsum</span> 
     </span>
     <span class='ocr_line' id='line_1_15' title="bbox 278 1522 1795 1625; baseline 0.011 -35"><span class='ocrx_word' id='word_1_82' title='bbox 278 1522 801 1617; x_wconf 87' lang='lat' dir='ltr'>reprehendunt</span> <span class='ocrx_word' id='word_1_83' title='bbox 821 1579 846 1617; x_wconf 82' lang='lat'>‚</span> <span class='ocrx_word' id='word_1_84' title='bbox 889 1524 1139 1624; x_wconf 88' lang='lat' dir='ltr'>quibus</span> <span class='ocrx_word' id='word_1_85' title='bbox 1167 1528 1473 1625; x_wconf 82' lang='lat' dir='ltr'>gravitas</span> <span class='ocrx_word' id='word_1_86' title='bbox 1504 1587 1526 1623; x_wconf 86' lang='lat'><strong>,</strong></span> <span class='ocrx_word' id='word_1_87' title='bbox 1571 1534 1647 1604; x_wconf 88' lang='lat'>&amp;</span> <span class='ocrx_word' id='word_1_88' title='bbox 1677 1558 1795 1614; x_wconf 69' lang='lat' dir='ltr'>co-</span> 
     </span>
     <span class='ocr_line' id='line_1_16' title="bbox 274 1619 1798 1721; baseline 0.012 -33"><span class='ocrx_word' id='word_1_89' title='bbox 274 1619 567 1693; x_wconf 87' lang='lat' dir='ltr'>thurnus</span> <span class='ocrx_word' id='word_1_90' title='bbox 601 1624 679 1697; x_wconf 88' lang='lat'>&amp;</span> <span class='ocrx_word' id='word_1_91' title='bbox 709 1623 915 1696; x_wconf 92' lang='lat' dir='ltr'>sonus</span> <span class='ocrx_word' id='word_1_92' title='bbox 950 1624 1315 1721; x_wconf 84' lang='lat' dir='ltr'>Sophoclis</span> <span class='ocrx_word' id='word_1_93' title='bbox 1342 1627 1625 1702; x_wconf 84' lang='lat' dir='ltr'>videtur</span> <span class='ocrx_word' id='word_1_94' title='bbox 1650 1631 1798 1716; x_wconf 68' lang='lat' dir='ltr'>effe,</span> 
     </span>
     <span class='ocr_line' id='line_1_17' title="bbox 273 1714 1791 1890; baseline 0.011 -104"><span class='ocrx_word' id='word_1_95' title='bbox 273 1714 679 1890; x_wconf 44' lang='lat' dir='ltr'>sublimiori)</span> <span class='ocrx_word' id='word_1_96' title='bbox 722 1721 944 1822; x_wconf 86' lang='lat' dir='ltr'>magis</span> <span class='ocrx_word' id='word_1_97' title='bbox 983 1723 1252 1797; x_wconf 89' lang='lat' dir='ltr'>accedit</span> <span class='ocrx_word' id='word_1_98' title='bbox 1298 1727 1615 1800; x_wconf 87' lang='lat' dir='ltr'>oratorio</span> <span class='ocrx_word' id='word_1_99' title='bbox 1661 1756 1791 1827; x_wconf 86' lang='lat' dir='ltr'>ge-</span> 
     </span>
     <span class='ocr_line' id='line_1_18' title="bbox 272 1816 1787 1926; baseline 0.01 -39"><span class='ocrx_word' id='word_1_100' title='bbox 272 1816 474 1893; x_wconf 88' lang='lat' dir='ltr'>neri:</span> <span class='ocrx_word' id='word_1_101' title='bbox 504 1822 582 1894; x_wconf 83' lang='lat'>&amp;</span> <span class='ocrx_word' id='word_1_102' title='bbox 640 1819 961 1896; x_wconf 91' lang='lat' dir='ltr'>ententiis</span> <span class='ocrx_word' id='word_1_103' title='bbox 984 1821 1271 1916; x_wconf 71' lang='lat' dir='ltr'>deustis,</span> <span class='ocrx_word' id='word_1_104' title='bbox 1313 1827 1390 1903; x_wconf 68' lang='grc' dir='ltr'>ὅ(</span> <span class='ocrx_word' id='word_1_105' title='bbox 1420 1825 1491 1898; x_wconf 91' lang='lat' dir='ltr'>in</span> <span class='ocrx_word' id='word_1_106' title='bbox 1522 1826 1605 1900; x_wconf 88' lang='lat' dir='ltr'>iis</span> <span class='ocrx_word' id='word_1_107' title='bbox 1630 1852 1787 1926; x_wconf 80' lang='lat' dir='ltr'>quae</span> 
     </span>
     <span class='ocr_line' id='line_1_19' title="bbox 275 1911 1786 2023; baseline 0.011 -41"><span class='ocrx_word' id='word_1_108' title='bbox 275 1916 317 1983; x_wconf 72' lang='lat' dir='ltr'>a</span> <span class='ocrx_word' id='word_1_109' title='bbox 345 1911 763 2010; x_wconf 82' lang='lat' dir='ltr'>sapientibus</span> <span class='ocrx_word' id='word_1_110' title='bbox 789 1919 1041 1992; x_wconf 88' lang='lat' dir='ltr'>tradita</span> <span class='ocrx_word' id='word_1_111' title='bbox 1066 1920 1219 1992; x_wconf 91' lang='lat' dir='ltr'>sunt</span> <span class='ocrx_word' id='word_1_112' title='bbox 1244 1977 1266 2011; x_wconf 86' lang='lat'>‚</span> <span class='ocrx_word' id='word_1_113' title='bbox 1301 1925 1480 2019; x_wconf 77' lang='lat' dir='ltr'>pene</span> <span class='ocrx_word' id='word_1_114' title='bbox 1507 1925 1662 2023; x_wconf 88' lang='lat' dir='ltr'>ipfis</span> <span class='ocrx_word' id='word_1_115' title='bbox 1688 1927 1786 2017; x_wconf 83' lang='lat' dir='ltr'>est</span> 
     </span>
     <span class='ocr_line' id='line_1_20' title="bbox 268 2014 1786 2176; baseline 0.011 -95"><span class='ocrx_word' id='word_1_116' title='bbox 268 2033 403 2176; x_wconf 75' lang='lat' dir='ltr'>par</span> <span class='ocrx_word' id='word_1_117' title='bbox 422 2066 446 2102; x_wconf 84' lang='lat'><strong>,</strong></span> <span class='ocrx_word' id='word_1_118' title='bbox 494 2014 664 2086; x_wconf 89' lang='lat' dir='ltr'>&amp;in</span> <span class='ocrx_word' id='word_1_119' title='bbox 696 2015 995 2090; x_wconf 91' lang='lat' dir='ltr'>dicendo</span> <span class='ocrx_word' id='word_1_120' title='bbox 1020 2042 1100 2089; x_wconf 92' lang='lat' dir='ltr'>ac</span> <span class='ocrx_word' id='word_1_121' title='bbox 1127 2020 1612 2116; x_wconf 90' lang='lat' dir='ltr'>respondendo</span> <span class='ocrx_word' id='word_1_122' title='bbox 1638 2024 1786 2106; x_wconf 57' lang='lat' dir='ltr'>cuiq</span> 
     </span>
     <span class='ocr_line' id='line_1_21' title="bbox 294 2109 1782 2214; baseline 0.009 -35"><span class='ocrx_word' id='word_1_123' title='bbox 294 2109 445 2182; x_wconf 91' lang='lat' dir='ltr'>ibet</span> <span class='ocrx_word' id='word_1_124' title='bbox 471 2136 719 2186; x_wconf 86' lang='lat' dir='ltr'>eorum</span> <span class='ocrx_word' id='word_1_125' title='bbox 752 2114 876 2214; x_wconf 89' lang='lat' dir='ltr'>qui</span> <span class='ocrx_word' id='word_1_126' title='bbox 916 2114 1193 2188; x_wconf 89' lang='lat' dir='ltr'>fuerunt</span> <span class='ocrx_word' id='word_1_127' title='bbox 1223 2118 1292 2189; x_wconf 91' lang='lat' dir='ltr'>in</span> <span class='ocrx_word' id='word_1_128' title='bbox 1319 2120 1479 2193; x_wconf 88' lang='lat' dir='ltr'>foro</span> <span class='ocrx_word' id='word_1_129' title='bbox 1503 2122 1782 2209; x_wconf 86' lang='lat' dir='ltr'>diserti,</span> 
     </span>
     <span class='ocr_line' id='line_1_22' title="bbox 273 2213 1781 2305; baseline 0.011 -28"><span class='ocrx_word' id='word_1_130' title='bbox 273 2213 803 2305; x_wconf 84' lang='lat' dir='ltr'>comparandus.</span> <span class='ocrx_word' id='word_1_131' title='bbox 862 2215 940 2284; x_wconf 93' lang='lat' dir='ltr'>In</span> <span class='ocrx_word' id='word_1_132' title='bbox 990 2215 1339 2288; x_wconf 73' lang='lat' dir='ltr'>affeffibus</span> <span class='ocrx_word' id='word_1_133' title='bbox 1394 2220 1572 2292; x_wconf 76' lang='lat' dir='ltr'>vero</span> <span class='ocrx_word' id='word_1_134' title='bbox 1622 2223 1781 2293; x_wconf 72' lang='lat' dir='ltr'>clun</span> 
     </span>
     <span class='ocr_line' id='line_1_23' title="bbox 272 2309 1782 2408; baseline 0.012 -36"><span class='ocrx_word' id='word_1_135' title='bbox 272 2309 592 2382; x_wconf 88' lang='lat' dir='ltr'>omnibus</span> <span class='ocrx_word' id='word_1_136' title='bbox 631 2310 847 2383; x_wconf 89' lang='lat' dir='ltr'>mirus</span> <span class='ocrx_word' id='word_1_137' title='bbox 871 2366 895 2402; x_wconf 79' lang='grc'>,</span> <span class='ocrx_word' id='word_1_138' title='bbox 940 2327 1091 2385; x_wconf 85' lang='lat' dir='ltr'>tum</span> <span class='ocrx_word' id='word_1_139' title='bbox 1133 2311 1202 2382; x_wconf 92' lang='lat' dir='ltr'>in</span> <span class='ocrx_word' id='word_1_140' title='bbox 1235 2314 1319 2385; x_wconf 91' lang='lat' dir='ltr'>iis</span> <span class='ocrx_word' id='word_1_141' title='bbox 1353 2315 1472 2408; x_wconf 81' lang='lat' dir='ltr'>qui</span> <span class='ocrx_word' id='word_1_142' title='bbox 1505 2318 1782 2390; x_wconf 83' lang='lat' dir='ltr'>misera·</span> 
     </span>
     <span class='ocr_line' id='line_1_24' title="bbox 271 2400 1526 2504; baseline 0.012 -34"><span class='ocrx_word' id='word_1_143' title='bbox 271 2400 462 2475; x_wconf 89' lang='lat' dir='ltr'>tione</span> <span class='ocrx_word' id='word_1_144' title='bbox 490 2406 804 2480; x_wconf 87' lang='lat' dir='ltr'>constant</span> <span class='ocrx_word' id='word_1_145' title='bbox 823 2464 846 2499; x_wconf 85' lang='lat'>‚</span> <span class='ocrx_word' id='word_1_146' title='bbox 880 2407 1085 2479; x_wconf 73' lang='lat' dir='ltr'>facile</span> <span class='ocrx_word' id='word_1_147' title='bbox 1118 2409 1526 2504; x_wconf 78' lang='lat' dir='ltr'>praecipuus,</span> 
     </span>
    </p>

    <p class='ocr_par' dir='ltr' id='par_1_4' title="bbox 184 2499 1815 3189">
     <span class='ocr_line' id='line_1_25' title="bbox 367 2499 1782 2604; baseline 0.011 -36"><span class='ocrx_word' id='word_1_148' title='bbox 367 2499 603 2577; x_wconf 80' lang='lat' dir='ltr'><strong>HUNc</strong></span> <span class='ocrx_word' id='word_1_149' title='bbox 637 2506 716 2576; x_wconf 89' lang='lat'>&amp;</span> <span class='ocrx_word' id='word_1_150' title='bbox 756 2505 1133 2578; x_wconf 83' lang='lat' dir='ltr'>admiratus</span> <span class='ocrx_word' id='word_1_151' title='bbox 1174 2506 1474 2579; x_wconf 78' lang='lat' dir='ltr'>maxime</span> <span class='ocrx_word' id='word_1_152' title='bbox 1514 2508 1613 2581; x_wconf 87' lang='lat' dir='ltr'>est</span> <span class='ocrx_word' id='word_1_153' title='bbox 1654 2509 1782 2604; x_wconf 85' lang='lat' dir='ltr'>(ut</span> 
     </span>
     <span class='ocr_line' id='line_1_26' title="bbox 267 2595 1780 2704; baseline 0.01 -39"><span class='ocrx_word' id='word_1_154' title='bbox 267 2595 444 2690; x_wconf 89' lang='lat' dir='ltr'>saepe</span> <span class='ocrx_word' id='word_1_155' title='bbox 472 2599 753 2675; x_wconf 86' lang='lat' dir='ltr'>testatur</span> <span class='ocrx_word' id='word_1_156' title='bbox 843 2607 921 2678; x_wconf 87' lang='lat'>&amp;</span> <span class='ocrx_word' id='word_1_157' title='bbox 948 2603 1217 2676; x_wconf 79' lang='lat' dir='ltr'>secutus</span> <span class='ocrx_word' id='word_1_158' title='bbox 1235 2659 1259 2695; x_wconf 84' lang='lat'><strong><em>‚</em></strong></span> <span class='ocrx_word' id='word_1_159' title='bbox 1290 2629 1685 2704; x_wconf 83' lang='lat' dir='ltr'>quanquam</span> <span class='ocrx_word' id='word_1_160' title='bbox 1707 2609 1780 2680; x_wconf 85' lang='lat' dir='ltr'>in</span> 
     </span>
     <span class='ocr_line' id='line_1_27' title="bbox 270 2698 1797 2802; baseline 0.011 -40"><span class='ocrx_word' id='word_1_161' title='bbox 270 2716 489 2789; x_wconf 89' lang='lat' dir='ltr'>opere</span> <span class='ocrx_word' id='word_1_162' title='bbox 555 2698 753 2771; x_wconf 87' lang='lat' dir='ltr'>diver</span> <span class='ocrx_word' id='word_1_163' title='bbox 783 2703 829 2772; x_wconf 81' lang='lat' dir='ltr'>‘o</span> <span class='ocrx_word' id='word_1_164' title='bbox 858 2755 882 2792; x_wconf 88' lang='lat'>,</span> <span class='ocrx_word' id='word_1_165' title='bbox 950 2702 1338 2774; x_wconf 84' lang='lat' dir='ltr'>Menander</span> <span class='ocrx_word' id='word_1_166' title='bbox 1393 2727 1410 2773; x_wconf 75' lang='grc' dir='ltr'><strong><em>ε</em></strong></span> <span class='ocrx_word' id='word_1_167' title='bbox 1465 2704 1585 2802; x_wconf 91' lang='lat' dir='ltr'>qui</span> <span class='ocrx_word' id='word_1_168' title='bbox 1654 2706 1797 2781; x_wconf 68' lang='lat' dir='ltr'>ve?</span> 
     </span>
     <span class='ocr_line' id='line_1_28' title="bbox 184 2797 1815 2901; baseline 0.008 -42"><span class='ocrx_word' id='word_1_169' title='bbox 184 2858 194 2869; x_wconf 60' lang='grc'><strong>,</strong></span> <span class='ocrx_word' id='word_1_170' title='bbox 266 2815 488 2881; x_wconf 87' lang='lat' dir='ltr'>unus,</span> <span class='ocrx_word' id='word_1_171' title='bbox 532 2817 695 2865; x_wconf 89' lang='lat' dir='ltr'>meo</span> <span class='ocrx_word' id='word_1_172' title='bbox 730 2797 1007 2894; x_wconf 89' lang='lat' dir='ltr'>quidem</span> <span class='ocrx_word' id='word_1_173' title='bbox 1051 2798 1360 2895; x_wconf 83' lang='lat' dir='ltr'>judicio,</span> <span class='ocrx_word' id='word_1_174' title='bbox 1406 2801 1774 2901; x_wconf 87' lang='lat' dir='ltr'>diligenter</span> <span class='ocrx_word' id='word_1_175' title='bbox 1810 2868 1815 2872; x_wconf 75' lang='grc'>,</span> 
     </span>
     <span class='ocr_line' id='line_1_29' title="bbox 261 2885 1773 2996; baseline 0.011 -38"><span class='ocrx_word' id='word_1_176' title='bbox 261 2885 481 2962; x_wconf 73' lang='grc' dir='ltr'><strong>Ῑεᾶιιε</strong></span> <span class='ocrx_word' id='word_1_177' title='bbox 507 2944 532 2982; x_wconf 85' lang='lat'>,</span> <span class='ocrx_word' id='word_1_178' title='bbox 577 2892 665 2962; x_wconf 93' lang='lat' dir='ltr'>ad</span> <span class='ocrx_word' id='word_1_179' title='bbox 695 2895 930 2966; x_wconf 69' lang='lat' dir='ltr'>c·un&amp;a</span> <span class='ocrx_word' id='word_1_180' title='bbox 959 2921 1110 2992; x_wconf 87' lang='lat' dir='ltr'>quae</span> <span class='ocrx_word' id='word_1_181' title='bbox 1137 2898 1568 2996; x_wconf 86' lang='lat' dir='ltr'>praecipimus</span> <span class='ocrx_word' id='word_1_182' title='bbox 1601 2957 1624 2992; x_wconf 89' lang='lat'>,</span> <span class='ocrx_word' id='word_1_183' title='bbox 1667 2903 1773 2975; x_wconf 87' lang='lat' dir='ltr'>ef-</span> 
     </span>
     <span class='ocr_line' id='line_1_30' title="bbox 259 2985 1770 3086; baseline 0.009 -30"><span class='ocrx_word' id='word_1_184' title='bbox 259 2985 578 3086; x_wconf 77' lang='lat' dir='ltr'>fingenda</span> <span class='ocrx_word' id='word_1_185' title='bbox 611 2988 943 3063; x_wconf 83' lang='lat' dir='ltr'>sufficiat:</span> <span class='ocrx_word' id='word_1_186' title='bbox 983 2995 1076 3064; x_wconf 84' lang='lat' dir='ltr'>ita</span> <span class='ocrx_word' id='word_1_187' title='bbox 1103 2998 1570 3072; x_wconf 81' lang='lat' dir='ltr'>omnemvitae</span> <span class='ocrx_word' id='word_1_188' title='bbox 1600 2999 1770 3070; x_wconf 86' lang='lat' dir='ltr'>ima-</span> 
     </span>
     <span class='ocr_line' id='line_1_31' title="bbox 261 3085 1767 3189; baseline 0.009 -34"><span class='ocrx_word' id='word_1_189' title='bbox 261 3085 486 3184; x_wconf 87' lang='lat' dir='ltr'>ginem</span> <span class='ocrx_word' id='word_1_190' title='bbox 524 3088 884 3189; x_wconf 82' lang='lat' dir='ltr'>expreffit:</span> <span class='ocrx_word' id='word_1_191' title='bbox 924 3106 1112 3167; x_wconf 81' lang='lat' dir='ltr'>tanta</span> <span class='ocrx_word' id='word_1_192' title='bbox 1139 3092 1208 3167; x_wconf 90' lang='lat' dir='ltr'>in</span> <span class='ocrx_word' id='word_1_193' title='bbox 1240 3121 1330 3171; x_wconf 88' lang='lat' dir='ltr'>eo</span> <span class='ocrx_word' id='word_1_194' title='bbox 1364 3095 1767 3187; x_wconf 81' lang='lat' dir='ltr'>inveniendi</span> 
     </span>
    </p>

    <p class='ocr_par' dir='ltr' id='par_1_5' title="bbox 1374 3194 1478 3271">
     <span class='ocr_line' id='line_1_32' title="bbox 1374 3194 1478 3271; baseline 0.01 -1"><span class='ocrx_word' id='word_1_195' title='bbox 1374 3194 1403 3262; x_wconf 79' lang='grc' dir='ltr'>Ι</span> <span class='ocrx_word' id='word_1_196' title='bbox 1431 3217 1478 3271; x_wconf 84' lang='lat' dir='ltr'><strong>v</strong></span> 
     </span>
    </p>
   </div>
  </div>
 </body>
</html>
