2250 3761
593 143 699 243 '92
902 138 1102 218 Lm.
1150 140 1397 217 VIII.
1451 128 1866 223 navt.-

964 260 1122 334 Jam
1149 257 1498 355 proximus
1532 263 1712 337 ardet

777 356 1119 454 Ucalegon.
1545 432 1548 433 γ

681 452 752 524 N
755 452 828 552 ifi
846 452 1031 527 forte
1049 456 1191 532 hoc
1218 456 1455 554 potius
1482 454 1579 530 est
1598 455 1638 528 ὲ
1662 456 2048 552 poss‘efl‘ore
2076 511 2107 553 ,

590 551 789 648 quod
835 553 1215 650 poffidetur
1249 587 1265 627 ε
1296 572 1408 639 ut,
1453 552 1834 629 Hominem
1871 557 2107 633 devo-

590 647 730 720 rari
753 704 778 740 ‚
824 650 1021 746 cujus
1048 651 1553 751 patrimonium
1585 652 2047 732 consumitur.
2078 675 2107 732 ὁ

705 747 884 821 Illud
934 774 1225 852 quoque
1260 755 1340 827 &
1385 748 1620 849 poetis
1674 754 1754 826 &
1802 753 2106 826 oratori-

582 843 718 918 bus
752 846 1083 947 frequens
1110 909 1128 936 ,
1164 874 1310 949 quo
1341 873 1504 923 eum
1536 847 1658 960 qui
1705 849 1919 923 efficit
1941 903 1966 944 ,
2009 876 2106 925 ex

584 965 677 1015 eo
702 947 899 1042 quod
929 947 1227 1022 efficitur
1257 1003 1281 1041 ,
1312 946 1767 1025 ostendimus,
1797 948 1986 1022 Nam
2011 950 2096 1023 δε

469 1040 479 1052 “
585 1043 973 1118 carminum
1007 1047 1327 1121 austores
1355 1100 1383 1136 ,
2064 1053 2068 1057 ’

275 1144 404 1192 Hor.
439 1147 478 1195 l·
513 1160 556 1197 1·
784 1145 1054 1213 Pallida
1091 1167 1261 1226 mors
1312 1167 1490 1237 oequo
1506 1147 1738 1237 pugsat
1741 1148 1902 1236 pede
1920 1161 2108 1245 pau-2

212 1203 319 1264 ’ω’
337 1226 417 1275 ⁴⁰
852 1266 1076 1331 perum
1115 1243 1411 1312 tabernas
1448 1289 1479 1326 ,

247 308 433 365 3..AE11.
460 327 562 374 3¹¹·

778 1335 1148 1434 Regtimque
1185 1363 1401 1411 turres,
1777 1340 1864 1410 Et
1896 1392 1919 1430 ,
2089 1403 2095 1413 ,

234 1463 289 1516 ἰ.
307 1462 414 1515 AEn.
438 1479 555 1532 275·
785 1437 1230 1533 Pallenae'sque
1270 1439 1567 1508 habitant
1589 1439 1791 1510 morbi
1813 1487 1841 1524 ,
1876 1433 2105 1545 ‘'fstffj

778 1556 781 1557 ’
875 1563 992 1628 que
1005 1538 1319 1630 fineHuS.

586 1629 686 1700 Et·
736 1650 983 1704 orator
1042 1631 1479 1726 Praecipitem
1518 1630 1739 1719 iram,
1778 1630 2108 1704 Hilarem

592 1727 1136 1800 adolescentiam
1167 1781 1190 1817 ,
1236 1729 1457 1820 Segne
1485 1724 1711 1795 otium
1740 1726 1949 1804 dicet,
1986 1783 2008 1803 .

681 1823 1146 1918 Α’ντενομασία,
1174 1845 1327 1920 quoe
1358 1818 1624 1921 aliquid
1651 1846 1777 1919 pro
1806 1825 2104 1903 nomine

587 1917 792 2019 ponit
817 1976 840 2013 ‚
880 1920 1107 2020 poetis
1138 1939 1443 2019 utroque
1484 1920 1702 1994 modo
1762 1920 2107 2021 frequen-

585 2018 831 2093 tiffima
856 2074 881 2111 ‚
920 2024 998 2094 &
1030 2045 1160 2118 per
1193 2018 1616 2117 Epitheton,
1660 2019 1827 2117 quia
1866 2021 2106 2112 detra-

591 2117 704 2188 ἂο
733 2143 824 2190 eo
849 2118 962 2190 cui
1002 2118 1379 2217 apponitur
1412 2173 1436 2211 ,
1487 2117 1682 2194 valet
1707 2143 1836 2215 pro
1865 2120 2103 2192 nomi·
2207 2135 2208 2186 ξ

586 2239 680 2288 ne
707 2241 730 2302 ;
760 2215 1079 2315 Tydides
1114 2273 1139 2309 ‚
1186 2216 1508 2293 Pelides:
1561 2219 1640 2292 &
1667 2242 1757 2291 ex
1782 2216 1887 2290 his
1937 2242 2099 2317 quae
2206 2219 2208 2286 ἶ

596 2312 669 2388 in
708 2339 998 2415 quoque
1039 2317 1196 2390 sunt
1250 2315 1602 2416 praecipua
1649 2342 1669 2389 ε

212 2404 447 2521 θίξῶ·
471 2413 552 2468 ‘9⁸
753 2414 1007 2486 Divdm
1035 2440 1223 2511 pater
1261 2440 1447 2511 atque
1480 2417 1806 2486 hominum
1839 2441 1975 2489 rex.

586 2512 674 2586 Et
706 2537 795 2587 ex
828 2512 1021 2587 faffis
1062 2570 1085 2607 ‚
1136 2513 1389 2613 quibus
1436 2512 1732 2610 persona
1754 2509 2102 2609 signatur:
2207 2539 2208 2570 l

246 2648 292 2697 4·
313 2627 557 2697 Enum-
752 2615 1070 2683 Thalamo
1105 2640 1242 2706 qua
1271 2616 1431 2702 fixa
1474 2615 1727 2705 reliquit
1772 2615 2050 2704 Impius.

684 2708 1111 2779 Oratoribus
1181 2705 1449 2780 etiamfi
1494 2732 1692 2781 rarus
1739 2707 1902 2802 ejus
1943 2709 2097 2801 rei,

590 2803 964 2875 nonnullus
1005 2821 1244 2875 tamen
1270 2806 1426 2875 usus
1470 2802 1590 2879 est.
1622 2807 1806 2878 Nam
1850 2823 1929 2879 ut
1949 2808 2102 2906 Ty-

591 2899 804 2972 diden
882 2900 961 2972 &
1032 2900 1322 2975 Peliden
1385 2926 1529 2977 non
1589 2904 1954 2994 dixerint,
2001 2906 2098 2977 ita

590 2995 1014 3073 Eversorem
1075 3001 1517 3100 Carthaginis
1566 3002 1645 3074 &
1701 2999 2098 3074 Numantiae

588 3120 721 3196 pro
770 3091 1096 3201 Scipione
1118 3102 1267 3200 2&
1301 3101 1641 3202 Romanae
1667 3095 2094 3198 eloquentiae
