2250 3761
320 139 464 219 DE
523 159 572 213 c
602 153 840 212 opu
898 137 1094 210 VER
1123 151 1247 207 130
1276 151 1520 210 num.
1610 165 1738 234 ¹9³

249 297 254 298 ff
335 243 504 312 Non
558 238 654 311 est
718 255 955 318 tamen
1014 232 1486 307 diffimulanda
1539 239 1775 312 nostri.

235 362 531 436 quoque
564 334 802 427 iudicii
833 332 1124 407 summa.
1178 331 1446 405 Paucos
1492 336 1675 405 enim
1722 391 1749 427 ,

233 436 354 510 vel
395 434 627 531 potius
657 432 779 507 vix
814 430 1032 502 ullum
1068 454 1157 500 ex
1183 428 1265 500 iis
1287 428 1411 526 qui
1446 432 1751 505 vetusta-

237 549 383 605 tem
407 532 843 629 pertulerunt
866 584 888 621 ‚
917 526 1239 600 existimo
1263 525 1452 624 poffe
1479 532 1749 626 reperi-

236 630 340 721 ri,
373 631 494 729 qui
528 628 871 724 judicium
922 625 1421 698 adhibentibus
1468 653 1610 699 non
1645 629 1748 701 al-

175 793 181 798 .
234 726 498 800 laturus
549 727 626 797 fit
643 724 954 798 utilitatis
1002 722 1315 821 aliquid:
1354 725 1511 796 cum
1536 726 1603 798 se
1633 727 1747 799 Ci-

235 849 403 898 cero
430 825 518 897 ab
556 825 690 896 illis
727 846 1011 922 quoque
1033 818 1488 894 vetustiffimis
1508 825 1765 896 austo-·

235 922 424 996 ribus
454 980 476 1014 ‚
526 921 895 1021 ingeniosis
934 917 1261 1017 quidem,
1291 916 1407 990 sed
1456 939 1603 993 arte
1626 947 1743 995 ca-

232 1022 538 1092 rentibus
564 1073 590 1105 ,
623 1018 994 1117 plurimum
1040 1016 1345 1088 fateatur
1398 1017 1745 1111 adjutum.·

229 1118 383 1192 Nec
405 1118 630 1190 multo
655 1117 861 1189 aliter
885 1116 973 1188 de
1000 1113 1207 1187 nobis
1231 1113 1483 1189 sentio,
1526 1119 1740 1209 Quo-

228 1233 340 1290 tus
380 1216 565 1289 enim
609 1214 900 1314 quisque
940 1212 1246 1287 inveniri
1269 1229 1408 1283 tam
1444 1214 1732 1290 demens

227 1314 458 1410 potest
483 1366 505 1398 ‚
532 1315 651 1412 qui
699 1338 785 1385 ne
810 1309 1095 1384 minima
1129 1309 1411 1408 quidem
1441 1311 1749 1406 alicujus.

230 1427 442 1484 certae
461 1410 707 1485 fiducia
746 1409 957 1508 partis
985 1407 1394 1481 memoriam
1447 1408 1749 1505 posteri--

225 1508 393 1582 tatis
427 1508 800 1605 speraverit
831 1509 858 1581 Ρ
901 1505 1020 1605 qui
1068 1507 1118 1578 fi
1148 1506 1304 1605 quis
1332 1505 1429 1580 est
1466 1562 1489 1599 ,
1546 1506 1730 1583 intra

221 1607 489 1704 primos
517 1607 736 1678 statim
758 1605 998 1680 versus
1021 1604 1581 1701 deprehendetur
1600 1661 1621 1697 ‚
1648 1612 1729 1684 δε

223 1705 424 1777 citius
458 1729 587 1777 nos
628 1705 929 1776 dimittet
958 1759 979 1793 ‚
1026 1702 1234 1799 quam
1271 1720 1347 1776 ut
1387 1702 1533 1794 ejus
1593 1729 1725 1776 no-

219 1802 326 1878 bis
356 1827 609 1902 magno
638 1803 977 1901 temporis
999 1800 1427 1874 detrimento
1456 1802 1723 1879 constet

217 1901 801 2000 experimentum.
857 1901 991 1974 Sed
1055 1923 1200 1972 non
1256 1898 1588 1998 quicquid
1631 1904 1721 1982 ad

212 1998 521 2097 aiiquam
548 2016 817 2096 partem
845 1996 1144 2075 scientiae
1185 1998 1524 2095 pertinet,
1556 2026 1722 2097 pro-

211 2096 392 2170 tinus
450 2096 537 2168 ad
573 2097 974 2171 faciendam
1021 2094 1238 2169 etiam
1294 2096 1505 2196 φράσιν
1562 2098 1597 2196 (
1625 2102 1713 2175 de

212 2220 347 2292 qua
401 2194 808 2296 loquimur)
844 2194 1454 2268 accommodatum
1493 2196 1612 2273 est.

300 2295 593 2372 VERUM
619 2311 779 2366 ante
837 2318 995 2365 uam
1022 2294 1107 2370 de
1129 2291 1398 2390 fingulis
1417 2291 1708 2404 loquar,

198 2415 421 2487 pauca
438 2391 508 2461 in
528 2392 784 2468 univer
815 2416 935 2463 um
959 2392 1042 2462 de
1066 2393 1407 2464 varietate
1428 2390 1735 2485 opinio-1

200 2513 372 2560 num
412 2486 709 2560 dicenda
738 2489 915 2561 sunt.
961 2488 1147 2559 Nam
1188 2485 1470 2586 quidam
1501 2487 1703 2560 solos

197 2603 487 2660 veteres
509 2586 839 2684 l-egendos
860 2604 1107 2684 putant
1132 2637 1158 2670 ,
1191 2610 1420 2682 neque
1446 2584 1516 2656 in
1544 2586 1703 2661 ullis

194 2683 350 2756 aliis
378 2682 513 2760 effe
532 2684 917 2757 naturalem
940 2683 1414 2782 eloquentiam
1438 2738 1460 2773 ‚
1484 2687 1561 2758 &
1590 2709 1705 2756 ro-

190 2782 332 2853 bur
401 2779 572 2851 viris
625 2781 905 2879 dignum
928 2837 952 2874 ,
988 2783 1431 2854 arbitrantur.
1498 2783 1700 2857 Alios

188 2901 444 2951 recens
465 2877 610 2951 haec
626 2878 904 2957 lascivia
922 2935 946 2972 ,
967 2879 1374 2978 deliciaeque
1401 2934 1423 2969 ‚
1451 2882 1528 2953 ὅ(
1553 2906 1698 2955 om·

185 2978 305 3047 nia
339 2975 427 3046 ad
463 2975 905 3074 voluptatem
931 2975 1388 3050 multitudinis
1413 2976 1696 3073 imperi-

183 3090 284 3144 tae
301 3074 722 3241 Tcompofita
748 3133 774 3173 ‚
838 3075 1205 3152 delestant.
1254 3079 1426 3149 Sunt
1477 3075 1689 3148 etiam

360 3198 480 3245 om.
533 3177 644 3249 II.
1412 3173 1442 3244 I
1678 3196 1688 3203 ’
