2250 3761
508 210 653 280 ²42
846 187 1034 258 LIB.
1108 179 1206 252 X.
1279 179 1507 262 Cap.
1566 179 1710 250 IV.
1782 259 1785 262 ,
1902 257 1913 263 .

503 320 665 376 rant
689 358 711 393 ‚
740 302 815 371 &
855 296 1283 371 invenienda
1320 320 1473 391 quae
1495 293 1845 392 fugerant.
1884 295 2038 378 Nec

507 401 796 473 dubium
844 397 941 470 est
962 451 982 484 ,
1018 394 1365 491 optimum
1426 392 1561 463 effe
1619 392 2042 468 emendandi

508 522 728 594 genus
755 551 776 585 ‚
817 494 868 565 fi
896 493 1154 589 scripta
1182 491 1254 562 in
1282 488 1572 657 aliffuod
1618 508 1897 585 tempus
1927 515 2045 567 re·-

507 612 861 691 ponantur
880 643 906 677 ‚
937 606 1015 662 ut
1042 590 1129 661 ad
1153 614 1236 661 ea
1264 611 1357 684 po
1441 586 1892 660 intervallum
1921 611 2048 664 ve-

508 695 614 763 lut
640 717 829 762 nova
863 708 1074 785 atque
1105 687 1328 759 aliena
1366 675 1738 755 redeamus
1761 737 1783 772 ‚
1804 707 1890 756 ne
1914 707 2043 753 no·-

511 789 621 861 bis
658 788 906 885 scripta
935 784 1163 856 nostra
1189 801 1524 879 tanquam
1556 798 1873 855 recentes
1903 778 2038 854 foe-

514 905 631 960 tus
659 885 1118 957 blandiantur.

641 984 775 1056 Sed
844 1005 1073 1077 neque
1114 980 1255 1049 hoc
1306 975 1702 1072 contingere
1762 973 2041 1068 semper

516 1080 745 1180 potest
772 1134 793 1168 ‚
849 1075 1228 1175 praesertim
1275 1073 1590 1162 oraturi,
1639 1068 1751 1141 cui
1780 1069 2042 1165 'saepius

516 1180 817 1253 scribere
847 1175 935 1247 ad
964 1172 1335 1270 praesentes
1383 1169 1540 1242 usus
1589 1166 1860 1239 neceffe
1901 1165 2043 1256 est,

521 1281 603 1350 &
668 1274 810 1372 ipsa
855 1268 1261 1345 emendatio
1299 1266 1510 1344 finem
1553 1263 1789 1337 habet.
1868 1265 2044 1333 Sunt

521 1373 707 1446 enim
733 1372 853 1469 qui
896 1369 985 1441 ad
1019 1366 1254 1440 omnia
1300 1363 1547 1460 scripta
1572 1379 1905 1457 tanquam
1938 1360 2043 1433 vi·

521 1471 699 1542 tiosa
749 1468 1086 1557 redeant,
1120 1466 1198 1542 ὅ(
1238 1461 1426 1559 quafi
1462 1458 1634 1537 nihil
1679 1458 1785 1529 fas
1819 1456 1897 1528 fit
1932 1480 2042 1527 re·-

520 1570 708 1639 &um
735 1563 870 1638 effe
910 1563 1103 1659 quod
1122 1560 1422 1657 primum
1453 1556 1588 1646 est,
1622 1555 1871 1628 melius
1898 1554 2044 1626 exi·
2118 1575 2125 1582 ‘⁷

517 1665 802 1756 *stiment
844 1658 1179 1758 quicquid
1233 1655 1330 1732 est
1380 1653 1570 1730 aliud
1611 1679 1628 1723 z
1680 1652 1890 1749 idque
1935 1649 2043 1721 fa-

526 1764 723 1840 ciunt
757 1756 1031 1855 qunties
1077 1754 1330 1828 librum
1362 1750 1436 1821 in
1470 1773 1716 1820 manus
1743 1747 2051 1843 resump-

521 1858 737 1935 serint
784 1909 805 1943 ,
868 1850 1113 1931 ssmiles
1166 1846 1453 1921 medicis
1507 1846 1718 1925 etiam
1779 1845 2055 1943 integra

529 1952 945 2043 secantibus,
992 1946 1266 2026 Accidit
1300 1945 1538 2043 itaque
1572 1962 1650 2016 ut
1688 1942 2056 2023 cicatrico-

517 2050 602 2139 'sa
637 2047 801 2135 fint,
833 2045 907 2116 &
937 2042 1315 2139 exanguia,
1351 2047 1428 2115 &
1455 2040 1612 2112 cura
1641 2036 1909 2130 pejora.
1947 2040 2054 2110 Sit

527 2146 739 2246 igitur
758 2141 1135 2238 aliquando
1165 2139 1357 2234 quod
1382 2137 1652 2233 placeat
1670 2186 1690 2221 ,
1716 2148 1835 2201 aut
1853 2139 2058 2212 cer-te:

521 2241 731 2346 [quod
752 2239 1074 2315 sufficiat:
1106 2253 1183 2326 ut
1206 2257 1382 2329 opus
1420 2230 1636 2329 poliat
1664 2229 1825 2300 lima
1849 2282 1870 2319 ‚
1905 2254 2061 2310 non

513 2341 839 2418 exterat.
931 2372 934 2377 ¹
1204 2418 1205 2421 Ἴ
1836 2374 1846 2408 ·.

634 2428 1009 2536 Temdoris
1044 2453 1331 2531 quoque
1363 2424 1498 2514 effe
1528 2426 1740 2499 debet
1773 2427 2053 2500 modus,

533 2540 720 2613 Nam
746 2536 941 2634 quod
971 2536 1216 2606 Cinnae
1251 2529 1617 2626 Smyrnam
1640 2547 1899 2604 novem
1925 2548 2057 2594 am·

529 2636 645 2709 'nis
674 2632 1088 2727 *accepimus
1132 2627 1447 2722 scriptam
1475 2677 1495 2710 ‚
1538 2625 1616 2708 &
1672 2621 2049 2717 Panegyri-

539 2740 700 2807 'curn
724 2728 1084 2813 Isocratis‚‘
1099 2722 1220 2819 qui
1238 2719 1644 2816 parciffime,
1666 2718 1909 2797 decem
1935 2741 2054 2788 an-

537 2826 648 2899 nis
673 2824 911 2896 dicunt
938 2822 1373 2894 eiaboratum
1396 2870 1418 2903 .,
1449 2816 1535 2887 ad
1562 2832 1923 2886 oratorem
1953 2814 2054 2882 ni·

542 2922 641 2997 hil
675 2922 1035 3018 pertinet:
1087 2913 1283 3007 cujus
1322 2912 1586 2985 nullum
1613 2912 1788 3005 erit,
1817 2909 1863 2978 fi
1907 2925 2059 2983 tam

527 3021 820 3129 *tardum
845 3015 1054 3088 fuerit
1096 3007 1454 3089 auxilium.
