2250 3761
501 161 624 233 Dr.
678 162 928 234 ἑοΡιΑ
972 165 1478 260 vanorum.
1650 188 1785 262 197.

277 280 621 381 pofitione
657 335 680 370 ‚
737 284 817 353 &
872 280 1165 351 omnino
1219 297 1369 353 arte
1418 277 1790 368 deficitur,

277 396 360 452 ut
382 378 581 478 plane
604 375 961 450 manifeste>
989 396 1324 474 appareat
1348 432 1370 467 ‚
1415 393 1681 474 quanto
1709 376 1790 447 fit

278 477 468 549 aliud
533 476 931 572 proximum
1005 475 1141 548 effe
1191 529 1216 567 ‚
1292 475 1480 547 aliud
1543 472 1792 547 secun·

277 573 471 648 dum.
1738 585 1745 592 '

289 763 292 764 ⁷
373 672 715 771 Panyafin
748 698 834 745 ex
859 688 1166 769 utroque
1191 665 1465 742 mistum
1493 689 1737 768 putant
1761 726 1785 760 ,

276 767 347 841 in
375 769 776 867 eloquendo
799 771 1114 858 neutrius
1140 793 1419 867 aequare
1441 772 1737 844 virtutes
1763 796 1783 841 ε

277 867 572 939 alterum
608 885 840 942 tamen
864 870 955 941 ab
985 893 1076 941 eo
1106 866 1399 939 materia
1422 922 1446 960 ,
1492 867 1788 939 alterum

276 963 681 1060 disponendi
720 967 992 1039 ratione
1027 962 1363 1060 superari.
1822 1031 1829 1036 .

368 1084 399 1110 ⁴²
435 1063 854 1160 Apollonius
886 1064 955 1134 in
984 1064 1305 1136 ordinem
1336 1063 1378 1134 a
1415 1063 1788 1135 Gramma·

271 1153 428 1233 ticis
468 1161 708 1232 datum
761 1185 906 1231 non
948 1158 1148 1232 venit
1189 1214 1215 1249 ‚
1270 1159 1434 1258 quia
1487 1162 1787 1232 Aristar-

274 1255 446 1327 chus
485 1274 696 1352 atque
734 1256 1222 1350 Aristophanes
1260 1274 1626 1350 poetarum
1672 1257 1785 1348 ju·
1882 1269 1895 1274 ”

278 1351 469 1423 dices
494 1403 516 1442 ‚
557 1344 904 1422 neminem
940 1351 1037 1422 sui
1071 1351 1411 1446 temporis
1443 1351 1516 1422 in
1545 1378 1788 1424 nume·

272 1471 430 1520 rum
472 1448 892 1545 redegerunt
929 1475 948 1518 ε
996 1471 1143 1518 non
1185 1466 1424 1538 tamen
1467 1469 1788 1520 contem-

205 1550 217 1559 '
271 1546 580 1618 nendum
639 1544 860 1617 edidit
922 1567 1097 1641 opus
1164 1544 1417 1642 aequali
1484 1547 1785 1644 quadam

272 1642 792 1716 mediocritate.

278 1773 284 1778 ·
367 1739 565 1814 Arati
590 1738 881 1812 materia
904 1756 1103 1811 motu
1133 1755 1328 1814 caret
1357 1793 1381 1828 ‚
1426 1756 1508 1812 ut
1547 1740 1619 1813 in
1645 1766 1786 1839 qua

273 1838 460 1911 nulla
507 1836 812 1914 varietas
850 1893 873 1928 ,
929 1838 1187 1910 nullusae
1215 1834 1492 1911 affeetus
1519 1895 1541 1931 ‚
1590 1839 1783 1912 nulla

275 1935 571 2032 persona
603 1989 626 2025 ,
684 1936 873 2007 nulla
929 1934 1328 2033 cujusquam
1370 1935 1448 2007 fit
1493 1938 1724 2010 oratio
1754 1965 1777 2010 ε

271 2033 519 2203 ‹sffilicit
547 2044 780 2108 tamen
812 2032 1061 2131 operi,
1106 2034 1222 2109 cui
1250 2034 1318 2110 se
1348 2059 1592 2132 parem
1625 2061 1781 2110 cre-

320 2158 343 2201 1
393 2149 475 2205 it:

364 2229 809 2303 Admirabilis
855 2230 928 2301 in
966 2229 1091 2303 suo
1130 2255 1392 2327 genere
1432 2231 1781 2304 Theocri-

269 2341 378 2421 tus
401 2382 424 2417 ‚
472 2326 589 2400 sed
633 2328 833 2401 Musa
870 2328 989 2400 illa
1019 2327 1267 2400 rustica
1309 2331 1386 2401 &
1416 2328 1779 2423 pastoralis

271 2446 415 2492 non
443 2424 671 2496 forum
700 2425 922 2498 modo
947 2480 972 2515 ‚
1022 2426 1270 2502 verbm
1306 2423 1523 2522 ipsam
1562 2424 1779 2497 etiam

269 2518 519 2591 urbem
552 2522 990 2595 reformidat.

363 2619 496 2687 Au
516 2640 564 2688 D
585 2641 610 2688 1
634 2641 682 2690 R
701 2642 745 2690 E
779 2621 1033 2695 videor
1064 2619 1373 2718 undique
1401 2634 1783 2715 congerem·

268 2729 377 2784 tes
459 2715 736 2788 nomina
828 2716 1289 2813 plurimorum
1377 2732 1773 2813 poetarum.

271 2805 469 2902 Quid
510 2811 539 2884 ἓ
592 2810 908 2886 Herculis
951 2817 1096 2888 afta
1137 2841 1281 2889 non
1320 2815 1501 2889 bene
1545 2813 1777 2887 Pisan-

340 2975 371 3003 α
433 2956 720 3019 Apollonius
779 2959 995 3007 Rhodius
1042 2966 1478 3013 Grammaticorum
1513 2999 1529 3023 ,
1590 2967 1675 3025 qui
1712 2962 1778 3009 fe-

262 3019 440 3084 sctipfit
470 3020 824 3084 Argonautica.
863 3024 994 3069 vixit
1045 3042 1201 3073 veram
1239 3030 1291 3076 in
1321 3030 1533 3075 auctores
1574 3027 1769 3073 criticen

265 3098 421 3131 autem
469 3099 684 3148 temfote
736 3084 991 3133 Aristarchi
1043 3104 1350 3139 exercuerunt
1389 3093 1472 3137 sub
1514 3087 1769 3136 Ptolemaeo

256 3150 310 3199 δε
383 3147 710 3215 Aristophanis
785 3150 990 3214 Bysantii
1044 3152 1377 3204 Philometore.

1387 3215 1417 3285 1
1445 3211 1513 3307 iij
