2250 3761
506 100 685 185 'DE
745 107 1431 185 San-tzurus:
1707 103 1806 209 ξς

253 228 559 305 ἓὲεείῖἱῐ
583 225 839 327 aliquis
860 225 1039 298 citra
1070 224 1682 324 reprehenfionem
1700 228 1808 299 ω’-

255 325 446 419 tor,
496 351 716 426 quem
764 324 939 398 ficut
984 325 1336 422 poffumus
1389 323 1806 421 adjiciamus

260 426 684 502 virtutibus.
704 422 907 496 Prius
925 440 1163 497 tamen
1188 422 1267 499 fit
1286 421 1482 501 vitiis
1508 446 1751 498 carere
1775 450 1798 499 ε

252 550 358 609 =ne
386 579 410 616 ‚
441 527 616 598 dum
645 522 982 600 volumus
1010 522 1343 596 meliores
1368 522 1505 596 effe
1531 520 1802 607 veteri÷

263 622 399 695 bus
430 679 455 715 ,
493 623 706 695 fimus
747 621 1022 693 tanthm
1066 620 1449 695 diffuniles.

356 721 692 796 Reddam
719 743 947 809 nunc,
969 743 1183 816 quam
1225 719 1618 831 proximam
1656 716 1796 790 effe

266 819 589 893 dixeram
610 873 634 909 ‚
657 835 933 916 partem
948 817 1035 891 de
1057 835 1286 916 tropls
1303 872 1327 909 ‚
1355 840 1535 916 quos
1558 831 1794 887 motus

262 916 621 992 clariffimi
664 915 1068 988 nostrorum
1134 916 1453 988 austores
1506 930 1796 989 vocant.

266 1015 549 1089 Horum
562 1015 846 1088 tradere
861 1030 1209 1112 praecepta
1231 1018 1307 1088 ὃ(
1326 1008 1792 1091 Grammatici

264 1112 520 1188 solent.
567 1112 707 1186 Sed
733 1113 777 1184 a
803 1137 918 1186 me
945 1166 968 1202 ‚
992 1114 1000 1120 ’
1026 1115 1185 1187 εὺιῃ
1212 1114 1302 1185 de
1329 1111 1614 1184 illorum
1641 1107 1791 1180 offi-

262 1212 386 1283 cio
408 1212 746 1312 loquerer
774 1266 798 1304 ‚
825 1210 1038 1300 dilata
1071 1236 1233 1308 pars
1263 1211 1416 1284 haec
1444 1209 1542 1282 est
1560 1263 1583 1299 ,
1620 1204 1787 1305 quia
1896 1248 2037 1302 Tom.
2117 1262 2166 1320 (ᾖ

266 1308 369 1381 1(ὶετ
423 1327 676 1382 ornatu
732 1308 1073 1383 orationis
1099 1309 1385 1408 gravior
1405 1306 1783 1384 videbatur
1800 1327 1919 1379 με·
1949 1333 2040 1380 490.

263 1404 479 1487 locus
504 1461 535 1505 ‚
586 1411 665 1486 δι
705 1407 959 1507 majori
996 1406 1204 1510 operi
1242 1404 1650 1486 servandus.

568 1580 635 1657 C
705 1583 773 1656 A
839 1581 894 1653 P
964 1584 1036 1657 U
1099 1581 1170 1654 T
1280 1583 1448 1657 VI.

696 1747 847 1823 Dr.
929 1709 1362 1822 ‘raons‘

346 1927 507 2010 Tropi
545 1930 916 2013 duplicirfimt
936 1932 1165 2016 generis.
1197 1928 1245 1991 I.
1261 1928 1394 1991 Alii
1407 1929 1782 2013 fignificatt'od

266 2013 355 2073 'nis
395 2016 584 2095 gratid
617 2015 963 2096 affumuntur.
1005 2015 1357 2096 Metaphora.
1413 2014 1775 2094 Synecdoche.

261 2097 627 2179 Metotfymia.
649 2101 1063 2179 Autonomafia.
1112 2099 1556 2181 onomatopoiia.
1601 2102 1647 2159 C
1649 2114 1777 2157 ata-

256 2182 464 2262 chtesis.
504 2181 601 2244 II.
630 2186 765 2253 Alii
790 2186 997 2243 decoris
1024 2185 1230 2267 gratid.
1271 2184 1579 2264 Epitheton.
1609 2182 1774 2242 Alle-
1857 2214 1862 2220 ·

250 2268 424 2348 gotia.
470 2268 743 2352 AEnigma.
779 2269 989 2332 Itonia.
1020 2268 1373 2350 Periphtafis.
1393 2267 1771 2348 Hyperbaton.

256 2352 594 2431 Hyperbole.

461 2470 772 2544 ROPUS
807 2479 840 2519 '‘
865 2472 966 2547 est
1007 2470 1214 2558 verbi
1272 2469 1394 2545 vel
1434 2467 1767 2542 sermonis
1817 2499 2139 2568 1,ικεἹ-ιεςῳῐς,

464 2566 505 2637 ὲ
539 2569 818 2667 propria
878 2566 1381 2669 fignificatione
1436 2566 1506 2639 in
1558 2565 1766 2639 aliam
1786 2560 1895 2671 2321?
1952 2563 2134 2674 ξ’ῑῇζὲ

254 2687 423 2740 cum
451 2663 712 2741 virtute
746 2670 1069 2744 mutatio,
1105 2666 1320 2742 Circa
1347 2685 1557 2765 quem
1575 2665 1766 2739 inex·
1788 2661 1999 2737 oraeosse
2021 2723 2037 2744 ,
2077 2665 2130 2740 iz.

244 2761 603 2861 plicabilis
631 2769 711 2839 &
738 2766 1239 2841 Grammaticis
1287 2766 1471 2840 inter
1522 2764 1705 2863 ipsos
1741 2824 1764 2860 ,
1793 2770 1882 2818 ¹⁵5
1902 2770 1978 2820 '¹7
1988 2772 2040 2806 ⁰·

251 2864 333 2936 &
374 2861 826 2962 philosophis
871 2892 1103 2965 pugna
1137 2865 1236 2939 est
1264 2917 1283 2945 ‚
1330 2892 1484 2965 quae
1503 2864 1629 2936 fint
1650 2891 1769 2963 ge-

249 2983 455 3051 nera,
493 2988 660 3071 quae
687 2963 1002 3061 species,
1046 2964 1169 3064 qui
1194 2988 1522 3037 numerus
1552 3015 1577 3053 ,
1606 2962 1760 3057 quis

249 3056 369 3140 cui
401 3058 839 3162 subjiciatur.
880 3064 1035 3140 Nos
1062 3062 1327 3169 qmiffis
1355 3118 1383 3165 7
1419 3086 1575 3165 quae
1595 3056 1764 3132 nihil
