2250 3761
546 162 694 266 398
837 162 1044 236 Lm.
1091 162 1286 238 x11.
1349 163 1575 239 cn.
1629 162 1820 239 VII.

538 297 694 375 tuxm
749 276 829 352 fit
873 279 963 352 ad
1012 278 1320 360 viaunu
1373 282 1454 355 &
1506 282 1754 371 zeno,
1813 280 2119 361 Cleari·⁸

536 378 694 452 thes
716 431 739 468 ,
801 376 1229 477 Chrysippus
1252 378 1619 452 mercedes
1643 376 1685 451 ἐι
1711 377 2105 477 discipulis

539 476 1095 573 acceptaverint.
1137 475 1612 575 Nequeenim
1645 476 1871 554 video
1920 506 2100 578 quae

534 572 781 671 justior
806 598 888 648 ac
942 573 1214 655 uit-endi
1235 574 1466 663 rati0‚
1487 573 1694 673 quam
1724 599 1815 648 ex
1850 576 2097 653 hone·

536 669 815 745 stiffimo
847 671 909 744 la
964 696 1090 745 ore
1113 676 1253 763 ‚‘&
1286 672 1374 745 ab
1405 672 1491 745 iis
1521 675 1610 746 de
1643 672 1902 769 quibus
1944 699 2091 773 op-

534 768 704 845 time
726 769 1109 844 meruerint
1131 824 1154 860 ‚
1186 769 1307 866 qui
1363 768 1527 849 uefi
1557 769 1725 842 nihil
1754 769 2075 848 invicem

532 867 855 966 praestent
889 923 913 955 ‚
995 867 1258 965 indigni
1311 795 1578 941 {serint
1631 867 2072 944 defensione.

537 967 758 1059 Quod
804 965 1089 1064 quidem
1136 989 1280 1038 non
1324 963 1575 1059 justum
1620 963 1881 1055 modo,
1934 967 2073 1042 sed

534 1063 994 1143 necessarium
1044 1061 1262 1135 etiam
1317 1061 1466 1153 est,
1504 1065 1666 1138 chm
1713 1061 1853 1135 hoec
1898 1062 2069 1159 ipsa

536 1180 754 1259 opera
774 1215 797 1251 ,
812 1159 1227 1258 tempusque
1244 1184 1454 1233 omne
1475 1159 1721 1233 alienis
1749 1160 2065 1257 negotiis

534 1257 774 1331 datum
796 1319 811 1343 ‚
842 1258 1248 1334 facultatem
1274 1257 1480 1335 aliter
1511 1256 1928 1356 acquirendi
1953 1282 2062 1333 re-

539 1355 801 1430 cidant.
1624 1378 1673 1429 “.
1891 1426 1896 1431 .

635 1456 772 1526 Sed
823 1471 971 1527 tum
1011 1478 1300 1567 quoque
1353 1450 1696 1526 tenendus
1752 1453 1855 1525 est
1909 1478 2063 1528 mo-

536 1547 668 1635 dus
696 1576 715 1622 ε
758 1576 841 1626 ac
882 1552 1253 1648 plunmum
1280 1551 1493 1624 refert
1520 1603 1543 1640 ‚
1586 1551 1668 1621 &
1698 1549 1737 1620 ὲ
1769 1575 1916 1648 quo
1949 1579 2064 1628 ac·

536 1645 791 1743 cipiat,
840 1649 918 1722 δι
951 1650 1328 1761 quantum,
1366 1651 1444 1721 &
1489 1646 1876 1744 quousque.
1922 1651 2060 1723 Pa-

537 1742 836 1837 ciscendi
871 1749 1154 1859 qmdem
1198 1746 1317 1819 ille
1360 1745 1691 1844 piraticus
1732 1768 1925 1834 mos,
1959 1748 2058 1822 δε

533 1840 1043 1941 imponennum
1114 1843 1442 1943 periculis
1500 1841 1720 1942 pretia
1828 1844 2049 1920 rocul

532 1939 1000 2015 abominanda
1053 1969 1143 2016 ne
1193 1942 1490 2031 otiati0,
1534 1940 1746 2015 etiam
1886 1965 2053 2016 me-

530 2036 871 2110 diocriter
908 2041 1137 2137 impro
1190 2041 1245 2113 is
1275 2040 1537 2136 aberis:
1577 2040 1736 2110 cum
1760 2038 2046 2136 praeser·

526 2131 657 2202 tim
712 2134 939 2208 bonos
993 2137 1312 2210 homines
1369 2135 1723 2234 bonasque
1792 2136 2039 2210 causas

527 2230 756 2305 tuenti
795 2255 937 2305 non
961 2232 1041 2307 fit
1067 2235 1482 2309 metuendus
1515 2236 1818 2332 ingratus
1851 2259 1870 2306 τ
1921 2234 2045 2332 qui

528 2326 581 2401 fi
639 2328 911 2410 futurus
937 2387 961 2424 ,
1020 2357 1046 2387 ‘1
1089 2334 1280 2407 malo
1312 2350 1548 2407 tamen
1588 2331 1703 2406 ille
1766 2349 2041 2428 peccet.

525 2426 720 2504 Nihil
742 2454 915 2529 ergo
957 2429 1323 2529 acquirere
1351 2430 1553 2512 volet
1575 2444 1826 2501 orator
1853 2426 2040 2502 ultra

529 2527 738 2626 quam
787 2528 945 2602 satis
994 2530 1172 2619 erit,
1225 2553 1308 2602 ac
1341 2554 1431 2602 ne
1456 2549 1726 2625 pauper
1756 2525 2039 2624 quidem

527 2641 859 2723 tanquam
893 2627 1294 2700 mercedem
1336 2625 1675 2723 accipiet,
1719 2622 1839 2697 sed
1876 2648 2035 2697 mu-

521 2722 642 2795 tua
682 2724 1178 2811 benevolentia
1222 2741 1504 2814 utetur,
1549 2723 1712 2798 cum
1755 2720 1924 2797 sciat
1960 2720 2036 2800 se

523 2834 727 2904 tanto
764 2819 915 2917 plus
909 2821 1319 2988 fipraestitiffe
1345 2849 1362 2894 ε
1392 2819 1556 2921 quia
1598 2843 1737 2902 nec
1767 2817 2035 2895 vaenire

520 2914 664 2989 hoc
723 2917 904 2993 bene
961 2918 1147 2992 cium
1199 2937 1543 3018 oportet,
1595 2942 1739 3002 nee.
1775 2917 2034 3015 perire·

581 3117 624 3213 «Ξ
633 3098 677 3149 si
707 3098 921 3164 litigator
951 3096 1142 3152 futurus
1168 3099 1234 3152 est
1259 3102 1472 3167 ingratus
1489 3136 1510 3165 ,
1550 3097 1733 3150 malim
1754 3095 1835 3149 ine
1867 3109 2032 3163 peccet

528 3179 593 3228 qn
626 3180 676 3213 m
698 3177 881 3215 orator.

2180 1448 2185 1579 ¹

2179 2679 2181 2776 ί

2177 3149 2179 3234 w
