2250 3761
481 173 622 252 DE
684 196 924 252 APTE
993 199 1167 255 nte
1194 198 1490 258 annos
1653 203 1791 287 293·

277 320 422 392 que
444 297 642 371 velut
666 297 849 394 ipsos
873 300 1143 372 coneris
1162 300 1434 374 ratione
1453 299 1738 379 vincere
1759 360 1788 397 ‚

280 395 476 490 quod
503 395 597 466 est
626 394 1113 471 molliffimum.

377 493 869 564 INDECORUM
921 493 1016 565 est
1062 495 1264 591 super
1307 492 1452 566 haec
1493 494 1727 569 omnia
1754 549 1785 588 ,

276 587 564 659 nimium
604 617 621 661 ε
677 580 985 686 ideoque
1040 575 1251 664 etiam
1299 595 1493 688 quod
1535 612 1782 665 natura

275 684 383 756 rei
429 685 590 758 satis
635 705 870 783 aptum
907 686 1004 763 est
1028 741 1052 777 ,
1088 687 1211 759 nifi
1246 690 1463 761 modo
1497 714 1780 787 quoque

271 796 756 879 temperetur,
802 787 1094 880 gratiam
1131 785 1379 882 perdiu
1433 786 1649 880 Cujus
1678 789 1782 860 r'ei

276 880 674 954 observatio
696 880 957 975 judicio
994 882 1210 979 niagis
1238 883 1541 981 quodam
1572 883 1783 956 senti-

269 977 328 1047 ri
356 1032 378 1067 ,
425 979 633 1074 quam
658 978 1023 1077 praeceptis
1050 978 1230 1052 tradi
1259 980 1481 1078 potest
1504 1036 1526 1069 ‚
1560 997 1783 1079 quan-

231 1087 238 1094 ’
266 1085 416 1145 tum
441 1074 608 1146 satis
632 1075 710 1146 fit
735 1127 758 1163 ‚
810 1078 887 1149 &
925 1087 1261 1172 quantum
1292 1079 1634 1175 recipiant
1665 1100 1783 1150 au·

262 1195 407 1243 res,
454 1173 626 1240 N0n
648 1171 863 1241 habet
891 1172 1038 1242 haec
1067 1197 1181 1244 res
1214 1175 1487 1246 mensur
1531 1200 1604 1260 m
1627 1229 1652 1265 ,
1684 1177 1781 1262 Ι86

269 1266 466 1361 quasi
490 1266 767 1359 pondus
793 1290 811 1336 t
840 1266 1004 1362 quia
1024 1283 1104 1337 ut
1130 1266 1202 1340 in
1227 1268 1396 1341 cibis
1417 1321 1442 1360 ,
1473 1202 1608 1341 {iia
1630 1272 1781 1343 aliis

269 1360 493 1457 magis
519 1361 901 1458 complent.
1513 1384 1517 1387 ’

233 1483 245 1495 ·“
375 1455 860 1549 Adjiciendum
885 1459 1092 1533 etiani
1118 1453 1433 1539 breviter
1451 1464 1788 1558 videtui-,¹

233 1569 238 1572 ’
274 1553 470 1654 quod
494 1554 642 1627 fere
667 1555 941 1629 dicendi
963 1558 1261 1634 virtutes
1289 1562 1741 1637 diverfiflimae
1758 1618 1782 1654 ,

231 1649 248 1656 ’
270 1678 421 1726 non
452 1652 672 1726 solum
706 1654 863 1728 suos
897 1654 1576 1733 amatores.habeant
1598 1716 1621 1752 ,
1657 1660 1780 1733 sed

268 1751 359 1822 ab
389 1750 647 1824 eisdem
676 1752 850 1850 saepe
872 1753 1261 1830 laudentur.
1304 1760 1487 1831 Nam
1513 1758 1778 1834 Cicero
1837 1774 1983 1827 orat.
2008 1781 2098 1841 76·

270 1849 581 1946 quodam
625 1849 788 1923 loco
832 1850 1068 1925 scribit
1099 1853 1171 1927 id
1214 1854 1348 1930 effe
1382 1856 1723 1954 optimmn
1748 1915 1774 1952 ,

270 1948 468 2042 quod
499 1950 654 2019 cum
693 1965 765 2020 te
800 1947 1001 2021 facile
1034 1952 1408 2029 credideris}
1442 1955 1772 2055 consequi

263 2041 707 2132 imitatione,
739 2070 882 2119 non
908 2044 1137 2145 poffis,
1179 2050 1340 2124 Alio
1364 2053 1582 2147 vero,
1625 2077 1774 2128 nonv

225 2138 331 2242 'se
360 2140 429 2212 id
467 2143 727 2240 egisse,
769 2162 846 2217 ut
882 2143 978 2218 ita
1005 2135 1273 2221 diceret
1304 2152 1669 2252 quomodo
1696 2151 1768 2228 se

261 2237 556 2334 quilibet
575 2241 766 2337 posse
793 2242 1179 2318 confideret
1199 2303 1223 2339 ‚
1258 2248 1374 2320 sed
1400 2250 1768 2346 quomodo

261 2360 500 2408 nemo·
528 2340 753 2432 ‚Quod
778 2338 1002 2434 potest
1028 2367 1334 2441 pugnare
1360 2344 1540 2417 inter
1562 2345 1632 2419 se
1657 2344 1771 2420 vi·

158 2448 168 2453 ·
264 2432 435 2504 deri.
474 2436 741 2504 Verum
763 2454 1136 2534 utrumque
1161 2493 1184 2528 ‚
1224 2466 1305 2513 ac
1335 2442 1589 2514 merito
1625 2442 1766 2516 lau-

265 2527 494 2598 datur.
523 2529 757 2601 Causa
775 2530 961 2602 enirn
983 2535 1344 2633 modoque
1361 2537 1582 2610 distat:
1598 2540 1762 2637 quia

260 2623 649 2718 simplicitas
675 2625 791 2698 illa
820 2681 844 2717 ,
892 2632 972 2703 &
1005 2631 1203 2704 velut
1231 2633 1562 2708 securitas
1591 2637 1760 2710 inas-

144 2804 148 2809 ‚
259 2720 527 2792 fectatae
575 2724 907 2798 orationis
937 2782 961 2819 ,
1011 2729 1182 2802 mire
1233 2747 1475 2806 tenues
1521 2736 1758 2811 causas
1824 2824 1827 2829 ‚

225 2817 471 2891 ,decet
509 2842 531 2904 ;
584 2821 956 2915 majoribus
998 2826 1172 2923 illud
1209 2828 1616 2906 admirabile
1651 2833 1760 2907 di-

256 2915 463 3015 cendi
486 2940 700 3011 genus
726 2921 933 3017 magis
957 2927 1307 3000 convenit.
1351 2931 1421 3000 In
1449 2949 1757 3024 utroque

258 3011 537 3093 eminete
559 3012 820 3086 Cicero
854 3044 871 3088 ε
908 3043 993 3091 ex
1035 3022 1282 3118 quibus
1316 3026 1608 3099 alterum
1639 3026 1762 3095 im-

225 3101 465 3203 ,periti
497 3108 581 3201 se
616 3110 807 3207 pofl'e
850 3117 1174 3220 consequi
1216 3124 1499 3202 credent
1527 3118 1761 3211 ‚nem

255 3222 437 3278 trum
470 3201 588 3305 qui
619 3203 1034 3313 intelligunt.
1409 3215 1480 3290 N
1504 3210 1574 3312 iij
1710 3217 1718 3223 ’
