2250 3761
495 139 656 227 ’374
799 125 1008 204 Ltn.
1058 127 1252 204 XII.
1313 127 1557 202 CAP.
1630 129 1745 204 11.

143 1272 176 1305 *
194 1277 364 1326 Parum
387 1293 467 1328 at-

115 1338 337 1396 tendunt.

512 246 833 337 cederet,
857 247 1094 321 datum
1121 247 1216 320 est
1238 304 1259 339 ,
1288 247 1578 323 obviam
1599 252 1677 324 δι
1696 248 2098 328 illabora-⁴

508 361 655 416 tam
682 401 705 439 ‚
748 349 1016 417 tantitm
1064 348 1234 444 quia
1267 348 1414 420 nati
1448 346 1678 420 snmus
1710 401 1727 429 ‚
1761 349 2090 425 habea·
2186 398 2187 409 κ

510 467 695 517 mus.
737 445 1105 518 Abstineas
1138 446 1274 518 erit
1300 501 1323 535 ‚
1365 472 1411 543 q
1594 443 1827 542 ipsum
1864 450 2080 549 ,quid
2186 472 2187 485 ¹

508 540 588 612 fit
620 541 1034 617 abstinentia
1060 543 1391 643 ignorarit
1420 546 1446 617 Ρ
1552 561 1578 613 t
1602 543 1812 618 fortis
1841 604 1873 639 ,
1928 547 2077 647 qui

505 658 736 713 metus
771 642 1039 715 doloris
1062 697 1084 733 ,
1129 642 1374 715 mortis
1403 696 1425 732 ,
1462 640 1996 737 superstitionis
2029 703 2067 740 ,

507 737 700 810 nulla
731 741 1010 814 ratione
1034 740 1494 840 purgaverit?
1526 742 1615 812 Et
1639 740 1889 834 justus,
1915 745 2055 844 qui

505 837 692 934 aequi
747 838 1062 939 bonique
1108 841 1475 913 stafilanum
1515 893 1539 930 ,
1592 841 1713 936 qui
1757 842 1971 940 leges
2021 898 2057 936 ,

506 958 664 1032 quae
716 938 963 1010 natur&
996 937 1152 1012 sunt
1193 938 1521 1012 omnibus
1567 939 1779 1030 datae‚
1827 966 2048 1038 quae-

504 1056 643 1129 que
677 1036 978 1133 propriae
1001 1037 1280 1134 populis
1306 1042 1384 1113 &
1423 1037 1740 1136 gentibus
1761 1038 2043 1115 consti-

502 1146 671 1204 tutae
706 1186 729 1225 ‚
784 1157 928 1206 non
963 1135 1354 1210 eruditiore
1405 1135 1650 1234 aliquo
1702 1134 2038 1210 sermone

500 1232 955 1308 traEtaverit?
997 1236 1080 1307 O»
1100 1234 1312 1331 quim
1341 1233 1518 1306 istud
1546 1236 1585 1271 *
1611 1257 1863 1329 parum
1890 1261 2023 1337 pu-

498 1344 652 1400 tant
674 1384 697 1421 ,
723 1331 976 1428 quibus
1002 1349 1146 1405 tam
1169 1331 1377 1405 facile
1401 1332 1684 1429 videtpr
1715 1332 1735 1406 Ξ
2186 1366 2192 1405 ι

594 1427 730 1501 Sed
773 1430 908 1505 hoc
932 1429 1209 1502 transeo
1234 1487 1258 1522 ,
1295 1431 1384 1504 de
1427 1454 1573 1530 quo
1606 1429 1970 1503 neminem
1998 1452 2027 1518 ‚·
2054 1446 2079 1457 ““

496 1525 619 1624 qui
650 1526 887 1601 literas
937 1529 1060 1604 vel
1089 1529 1326 1642 primis
1354 1581 1381 1614 ‚
1419 1547 1496 1602 ut
1520 1527 1716 1601 aiunt
1744 1579 1764 1610 ,
1803 1529 2029 1604 labris

359 1624 376 1635 “
496 1626 874 1723 degustatit
894 1687 929 1722 ‚,
951 1628 1435 1705 dubitaturum
1472 1627 1812 1724 putozad
1842 1628 2028 1705 illud
2100 1648 2117 1655 ·

178 2169 225 2200 ν.
265 2166 344 2212 72.
371 2162 454 2213 76.
472 2211 485 2222 .

116 2227 234 2281 ¹07·
256 2235 362 2271 122·

503 1721 798 1837 sequens
844 1745 1170 1806 revertar
1195 1752 1356 1825 ,Une
1410 1726 1686 1803 dicendi
1727 1725 2017 1824 quidem

502 1822 662 1897 satis
705 1831 1009 1928 peritum
1032 1825 1188 1901 fore
1235 1880 1259 1918 ‚
1297 1823 1418 1925 qui
1455 1850 1602 1899 non
1643 1824 1714 1898 ὃ(
1739 1838 2015 1899 naturae

500 1923 652 1997 vim
669 1923 966 2003 omnem·
981 1925 1260 2023 penitus
1282 1923 1825 2023 perspexeriss&
1847 1946 2018 1998 mo-

499 2043 610 2092 res
654 2027 1019 2123 praeceptis
1048 2049 1131 2098 ac
1155 2025 1434 2101 ratione
1475 2021 1818 2097 formarit.
1864 2021 2027 2104 Ne-„

501 2141 639 2211 que
692 2123 881 2195 enim
926 2121 1172 2196 frustra
1201 2124 1274 2196 in
1325 2121 1536 2196 tertio
1568 2123 1652 2196 de
1691 2122 2018 2196 Oratore

495 2214 682 2294 libro
727 2222 802 2294 L.
839 2218 1118 2294 Craffus
1160 2222 1407 2295 cuneta
1443 2245 1592 2321 quae
1621 2218 1713 2294 de,
1743 2241 1950 2315 aequo
1974 2272 2010 2310 ,

497 2313 676 2410 justo
697 2377 720 2413 ‚
747 2344 926 2397 vero
946 2374 968 2410 ‚
996 2319 1193 2392 bono
1226 2376 1249 2413 ,
1279 2321 1505 2419 de'que
1531 2319 1618 2395 iis
1659 2343 1814 2417 quae
1848 2316 2012 2392 sunt

501 2419 750 2493 contr&
800 2418 1065 2518 posita,
1095 2417 1422 2493 dicuntur
1468 2473 1492 2510 ,
1534 2416 1818 2517 propria
1869 2415 2012 2491 effe

498 2520 804 2594 oratoris
845 2519 1186 2592 affirmat:
1224 2544 1307 2591 ac
1348 2516 1814 2613 philosophos,
1852 2517 2003 2590 cim!

494 2641 580 2689 ea
605 2617 879 2693 dicendi
918 2616 1192 2693 viribus
1229 2634 1514 2690 tuentur
1545 2669 1572 2705 ,
1595 2614 1705 2686 uti-
1750 2614 2007 2686 Rheto„

493 2736 648 2785 rum
688 2715 894 2786 armis
926 2768 948 2804 ,
992 2738 1138 2786 non
1168 2714 1324 2787 suis,
1352 2713 1544 2788 Idem
1565 2730 1803 2788 tamen
1829 2735 2002 2786 con-

493 2809 731 2883 fitetur
774 2836 857 2883 ea
883 2810 1023 2902 jam
1061 2810 1196 2886 effe
1221 2813 1258 2884 ὲ
1287 2809 1728 2907 Philosophia
1761 2826 2004 2908 peten-

494 2906 625 2998 da,
649 2906 980 2984 videlicet
1026 2910 1194 3006 quia
1220 2909 1435 3008 magis
1481 2909 1629 2982 haec
1665 2908 1765 2980 illi
1803 2908 2002 2983 vide-

496 3021 610 3077 tur
653 3004 722 3078 in
767 3005 1173 3103 poffessione
1230 3033 1471 3098 earum
1501 3030 1735 3081 rerum
1778 3005 1995 3080 fuisse.

471 3104 677 3188 >Hinc
703 3106 918 3184 etiam
950 3103 1123 3186 illud
1158 3106 1256 3183 est
1279 3161 1302 3207 ‚
1335 3105 1529 3210 quod
1555 3104 1816 3187 Cicero
1850 3104 2001 3214 plu3
