<?xml version="1.0" encoding="UTF-8"?>
<!DOCTYPE html PUBLIC "-//W3C//DTD XHTML 1.0 Transitional//EN"
    "http://www.w3.org/TR/xhtml1/DTD/xhtml1-transitional.dtd">
<html xmlns="http://www.w3.org/1999/xhtml" xml:lang="en" lang="en">
 <head>
  <title>
</title>
<meta http-equiv="Content-Type" content="text/html;charset=utf-8" />
  <meta name='ocr-system' content='tesseract 3.04.00' />
  <meta name='ocr-capabilities' content='ocr_page ocr_carea ocr_par ocr_line ocrx_word'/>
</head>
<body>
  <div class='ocr_page' id='page_1' title='image "./marcifabiiquint00quingoog_0313.png"; bbox 0 0 2250 3761; ppageno 0'>
   <div class='ocr_carea' id='block_1_1' title="bbox 609 139 1780 235">
    <p class='ocr_par' dir='ltr' id='par_1_1' title="bbox 609 139 1780 235">
     <span class='ocr_line' id='line_1_1' title="bbox 609 139 1780 235; baseline -0.005 -19"><span class='ocrx_word' id='word_1_1' title='bbox 609 140 768 216; x_wconf 76' lang='lat' dir='ltr'>DE</span> <span class='ocrx_word' id='word_1_2' title='bbox 841 139 1422 211; x_wconf 56' lang='lat' dir='ltr'>Menona,</span> <span class='ocrx_word' id='word_1_3' title='bbox 1635 160 1780 235; x_wconf 85' lang='lat'>307</span> 
     </span>
    </p>
   </div>
   <div class='ocr_carea' id='block_1_2' title="bbox 229 252 1875 3097">
    <p class='ocr_par' dir='ltr' id='par_1_2' title="bbox 229 252 1875 3097">
     <span class='ocr_line' id='line_1_2' title="bbox 266 252 1785 358; baseline -0.002 -25"><span class='ocrx_word' id='word_1_4' title='bbox 266 259 512 358; x_wconf 80' lang='lat' dir='ltr'>poffrt.</span> <span class='ocrx_word' id='word_1_5' title='bbox 562 261 666 332; x_wconf 89' lang='lat' dir='ltr'>An</span> <span class='ocrx_word' id='word_1_6' title='bbox 696 257 873 333; x_wconf 76' lang='lat' dir='ltr'>verb</span> <span class='ocrx_word' id='word_1_7' title='bbox 898 256 1216 331; x_wconf 81' lang='lat' dir='ltr'>Scaevola</span> <span class='ocrx_word' id='word_1_8' title='bbox 1247 253 1316 326; x_wconf 88' lang='lat' dir='ltr'>in</span> <span class='ocrx_word' id='word_1_9' title='bbox 1335 252 1484 327; x_wconf 89' lang='lat' dir='ltr'>lusu</span> <span class='ocrx_word' id='word_1_10' title='bbox 1513 254 1785 330; x_wconf 88' lang='lat' dir='ltr'>duode-</span> 
     </span>
     <span class='ocr_line' id='line_1_3' title="bbox 271 352 1779 454; baseline -0.001 -24"><span class='ocrx_word' id='word_1_11' title='bbox 271 358 858 454; x_wconf 83' lang='lat' dir='ltr'>cim-scruporum</span> <span class='ocrx_word' id='word_1_12' title='bbox 890 411 915 447; x_wconf 84' lang='lat'>‚</span> <span class='ocrx_word' id='word_1_13' title='bbox 978 356 1137 429; x_wconf 69' lang='lat' dir='ltr'>cium</span> <span class='ocrx_word' id='word_1_14' title='bbox 1185 352 1378 449; x_wconf 86' lang='lat' dir='ltr'>prior</span> <span class='ocrx_word' id='word_1_15' title='bbox 1428 353 1779 428; x_wconf 84' lang='lat' dir='ltr'>calculum</span> 
     </span>
     <span class='ocr_line' id='line_1_4' title="bbox 266 449 1779 553; baseline -0.003 -25"><span class='ocrx_word' id='word_1_16' title='bbox 266 454 733 553; x_wconf 67' lang='lat' dir='ltr'>promovisset</span> <span class='ocrx_word' id='word_1_17' title='bbox 757 508 781 545; x_wconf 89' lang='lat'><strong>,</strong></span> <span class='ocrx_word' id='word_1_18' title='bbox 823 452 1125 549; x_wconf 84' lang='lat' dir='ltr'>effe&#39;tque</span> <span class='ocrx_word' id='word_1_19' title='bbox 1160 449 1426 540; x_wconf 70' lang='lat' dir='ltr'>vistus,</span> <span class='ocrx_word' id='word_1_20' title='bbox 1464 450 1629 521; x_wconf 87' lang='lat' dir='ltr'>dum</span> <span class='ocrx_word' id='word_1_21' title='bbox 1659 475 1779 524; x_wconf 87' lang='lat' dir='ltr'>rus</span> 
     </span>
     <span class='ocr_line' id='line_1_5' title="bbox 268 546 1778 650; baseline -0.003 -25"><span class='ocrx_word' id='word_1_22' title='bbox 268 554 542 643; x_wconf 84' lang='lat' dir='ltr'>tendit,</span> <span class='ocrx_word' id='word_1_23' title='bbox 579 551 887 650; x_wconf 87' lang='lat' dir='ltr'>repetito</span> <span class='ocrx_word' id='word_1_24' title='bbox 913 549 1125 622; x_wconf 86' lang='lat' dir='ltr'>totius</span> <span class='ocrx_word' id='word_1_25' title='bbox 1162 546 1556 622; x_wconf 83' lang='lat' dir='ltr'>certaminis</span> <span class='ocrx_word' id='word_1_26' title='bbox 1584 548 1778 621; x_wconf 86' lang='lat' dir='ltr'>ordi-</span> 
     </span>
     <span class='ocr_line' id='line_1_6' title="bbox 257 644 1775 749; baseline -0.003 -27"><span class='ocrx_word' id='word_1_27' title='bbox 257 675 360 723; x_wconf 86' lang='lat' dir='ltr'>ne</span> <span class='ocrx_word' id='word_1_28' title='bbox 380 706 404 742; x_wconf 89' lang='lat'><strong>,</strong></span> <span class='ocrx_word' id='word_1_29' title='bbox 434 675 582 749; x_wconf 90' lang='lat' dir='ltr'>quo</span> <span class='ocrx_word' id='word_1_30' title='bbox 605 651 771 722; x_wconf 84' lang='lat' dir='ltr'>dato</span> <span class='ocrx_word' id='word_1_31' title='bbox 800 646 1115 736; x_wconf 73' lang='lat' dir='ltr'>errasset,</span> <span class='ocrx_word' id='word_1_32' title='bbox 1135 646 1544 719; x_wconf 89' lang='lat' dir='ltr'>recordatus</span> <span class='ocrx_word' id='word_1_33' title='bbox 1567 644 1775 718; x_wconf 86' lang='lat' dir='ltr'>rediit</span> 
     </span>
     <span class='ocr_line' id='line_1_7' title="bbox 260 740 1774 846; baseline -0.004 -25"><span class='ocrx_word' id='word_1_34' title='bbox 260 749 358 821; x_wconf 82' lang='lat' dir='ltr'>ad</span> <span class='ocrx_word' id='word_1_35' title='bbox 409 774 571 821; x_wconf 89' lang='lat' dir='ltr'>eum</span> <span class='ocrx_word' id='word_1_36' title='bbox 614 745 896 846; x_wconf 83' lang='lat' dir='ltr'>quicum</span> <span class='ocrx_word' id='word_1_37' title='bbox 940 745 1245 834; x_wconf 88' lang='lat' dir='ltr'>luserat,</span> <span class='ocrx_word' id='word_1_38' title='bbox 1289 740 1482 840; x_wconf 82' lang='lat' dir='ltr'>isque</span> <span class='ocrx_word' id='word_1_39' title='bbox 1529 741 1626 814; x_wconf 88' lang='lat' dir='ltr'>ita</span> <span class='ocrx_word' id='word_1_40' title='bbox 1669 743 1774 816; x_wconf 88' lang='lat' dir='ltr'>fa-</span> 
     </span>
     <span class='ocr_line' id='line_1_8' title="bbox 262 839 1770 922; baseline -0.003 -5"><span class='ocrx_word' id='word_1_41' title='bbox 262 845 451 918; x_wconf 67' lang='lat' dir='ltr'>&amp;um</span> <span class='ocrx_word' id='word_1_42' title='bbox 478 845 607 919; x_wconf 77' lang='lat' dir='ltr'>effe</span> <span class='ocrx_word' id='word_1_43' title='bbox 637 843 978 922; x_wconf 82' lang='lat' dir='ltr'>confeffus</span> <span class='ocrx_word' id='word_1_44' title='bbox 1001 840 1100 917; x_wconf 89' lang='lat' dir='ltr'>est</span> <span class='ocrx_word' id='word_1_45' title='bbox 1127 868 1146 915; x_wconf 72' lang='grc' dir='ltr'><strong><em>ε</em></strong></span> <span class='ocrx_word' id='word_1_46' title='bbox 1192 841 1412 913; x_wconf 70' lang='lat' dir='ltr'>minhs</span> <span class='ocrx_word' id='word_1_47' title='bbox 1440 839 1627 914; x_wconf 90' lang='lat' dir='ltr'>idem</span> <span class='ocrx_word' id='word_1_48' title='bbox 1656 864 1770 913; x_wconf 91' lang='lat' dir='ltr'>or-</span> 
     </span>
     <span class='ocr_line' id='line_1_9' title="bbox 251 937 1769 1037; baseline -0.001 -24"><span class='ocrx_word' id='word_1_49' title='bbox 251 942 359 1013; x_wconf 88' lang='lat' dir='ltr'>do</span> <span class='ocrx_word' id='word_1_50' title='bbox 392 943 657 1018; x_wconf 86' lang='lat' dir='ltr'>valebit</span> <span class='ocrx_word' id='word_1_51' title='bbox 678 943 746 1015; x_wconf 88' lang='lat' dir='ltr'>in</span> <span class='ocrx_word' id='word_1_52' title='bbox 772 942 1100 1015; x_wconf 85' lang='lat' dir='ltr'>oratione</span> <span class='ocrx_word' id='word_1_53' title='bbox 1120 992 1144 1029; x_wconf 89' lang='lat'>,</span> <span class='ocrx_word' id='word_1_54' title='bbox 1175 937 1550 1037; x_wconf 85' lang='lat' dir='ltr'>praesertim</span> <span class='ocrx_word' id='word_1_55' title='bbox 1573 956 1769 1013; x_wconf 83' lang='lat' dir='ltr'>totus</span> 
     </span>
     <span class='ocr_line' id='line_1_10' title="bbox 249 1036 1768 1129; baseline 0 -20"><span class='ocrx_word' id='word_1_56' title='bbox 249 1038 501 1112; x_wconf 85' lang='lat' dir='ltr'>nostro</span> <span class='ocrx_word' id='word_1_57' title='bbox 524 1039 814 1111; x_wconf 85' lang='lat' dir='ltr'>arbitrio</span> <span class='ocrx_word' id='word_1_58' title='bbox 837 1037 1245 1112; x_wconf 82' lang='lat' dir='ltr'>constitutus</span> <span class='ocrx_word' id='word_1_59' title='bbox 1263 1090 1287 1129; x_wconf 87' lang='lat'>‚</span> <span class='ocrx_word' id='word_1_60' title='bbox 1314 1036 1474 1110; x_wconf 67' lang='lat' dir='ltr'>cium</span> <span class='ocrx_word' id='word_1_61' title='bbox 1489 1054 1768 1109; x_wconf 86' lang='lat' dir='ltr'>tantum</span> 
     </span>
     <span class='ocr_line' id='line_1_11' title="bbox 246 1133 1484 1209; baseline -0.005 0"><span class='ocrx_word' id='word_1_62' title='bbox 246 1133 381 1209; x_wconf 86' lang='lat' dir='ltr'>ine</span> <span class='ocrx_word' id='word_1_63' title='bbox 410 1135 647 1208; x_wconf 85' lang='lat' dir='ltr'>valeat</span> <span class='ocrx_word' id='word_1_64' title='bbox 675 1134 1033 1207; x_wconf 69' lang='lat' dir='ltr'>alternus?</span> <span class='ocrx_word' id='word_1_65' title='bbox 1481 1176 1484 1180; x_wconf 28' lang='grc' dir='ltr'>ι</span> 
     </span>
     <span class='ocr_line' id='line_1_12' title="bbox 359 1228 1761 1329; baseline -0.002 -26"><span class='ocrx_word' id='word_1_66' title='bbox 359 1230 589 1309; x_wconf 87' lang='lat' dir='ltr'>Etiam</span> <span class='ocrx_word' id='word_1_67' title='bbox 634 1255 787 1329; x_wconf 84' lang='lat' dir='ltr'>quae</span> <span class='ocrx_word' id='word_1_68' title='bbox 835 1229 1017 1302; x_wconf 88' lang='lat' dir='ltr'>bene</span> <span class='ocrx_word' id='word_1_69' title='bbox 1068 1228 1452 1325; x_wconf 87' lang='lat' dir='ltr'>compofita</span> <span class='ocrx_word' id='word_1_70' title='bbox 1503 1244 1705 1300; x_wconf 84' lang='lat' dir='ltr'>erunt</span> <span class='ocrx_word' id='word_1_71' title='bbox 1734 1281 1761 1320; x_wconf 84' lang='lat'>‚</span> 
     </span>
     <span class='ocr_line' id='line_1_13' title="bbox 252 1324 1765 1414; baseline -0.003 -13"><span class='ocrx_word' id='word_1_72' title='bbox 252 1328 677 1401; x_wconf 83' lang='lat' dir='ltr'>memoriam</span> <span class='ocrx_word' id='word_1_73' title='bbox 704 1325 878 1400; x_wconf 87' lang='lat' dir='ltr'>serie</span> <span class='ocrx_word' id='word_1_74' title='bbox 907 1324 1026 1397; x_wconf 90' lang='lat' dir='ltr'>sua</span> <span class='ocrx_word' id='word_1_75' title='bbox 1048 1325 1333 1398; x_wconf 85' lang='lat' dir='ltr'><strong>ducent.</strong></span> <span class='ocrx_word' id='word_1_76' title='bbox 1377 1324 1445 1395; x_wconf 92' lang='lat' dir='ltr'>N</span> <span class='ocrx_word' id='word_1_77' title='bbox 1448 1349 1556 1414; x_wconf 78' lang='lat' dir='ltr'>am</span> <span class='ocrx_word' id='word_1_78' title='bbox 1593 1324 1765 1396; x_wconf 86' lang='lat' dir='ltr'>ficut</span> 
     </span>
     <span class='ocr_line' id='line_1_14' title="bbox 252 1420 1767 1520; baseline -0.003 -20"><span class='ocrx_word' id='word_1_79' title='bbox 252 1424 529 1500; x_wconf 62' lang='lat' dir='ltr'>facilins</span> <span class='ocrx_word' id='word_1_80' title='bbox 549 1423 792 1500; x_wconf 84' lang='lat' dir='ltr'>versus</span> <span class='ocrx_word' id='word_1_81' title='bbox 816 1422 1182 1496; x_wconf 78' lang='lat' dir='ltr'>ediscimus</span> <span class='ocrx_word' id='word_1_82' title='bbox 1203 1476 1224 1514; x_wconf 91' lang='lat'>‚</span> <span class='ocrx_word' id='word_1_83' title='bbox 1260 1421 1465 1520; x_wconf 70' lang='lat' dir='ltr'>quam</span> <span class='ocrx_word' id='word_1_84' title='bbox 1482 1420 1767 1518; x_wconf 84' lang='lat' dir='ltr'>prosam</span> 
     </span>
     <span class='ocr_line' id='line_1_15' title="bbox 249 1519 1761 1618; baseline -0.003 -22"><span class='ocrx_word' id='word_1_85' title='bbox 249 1522 695 1596; x_wconf 85' lang='lat' dir='ltr'>orationem:</span> <span class='ocrx_word' id='word_1_86' title='bbox 730 1521 824 1594; x_wconf 88' lang='lat' dir='ltr'>ita</span> <span class='ocrx_word' id='word_1_87' title='bbox 849 1519 1129 1618; x_wconf 74' lang='lat' dir='ltr'>prosam</span> <span class='ocrx_word' id='word_1_88' title='bbox 1159 1522 1454 1594; x_wconf 64' lang='lat' dir='ltr'>vinciam</span> <span class='ocrx_word' id='word_1_89' title='bbox 1484 1571 1506 1608; x_wconf 83' lang='lat'>‚</span> <span class='ocrx_word' id='word_1_90' title='bbox 1550 1520 1761 1617; x_wconf 70' lang='lat' dir='ltr'>quam</span> 
     </span>
     <span class='ocr_line' id='line_1_16' title="bbox 250 1618 1761 1716; baseline -0.005 -21"><span class='ocrx_word' id='word_1_91' title='bbox 250 1620 675 1695; x_wconf 79' lang='lat' dir='ltr'>diffolutam.</span> <span class='ocrx_word' id='word_1_92' title='bbox 710 1619 822 1694; x_wconf 88' lang='lat' dir='ltr'>Sic</span> <span class='ocrx_word' id='word_1_93' title='bbox 848 1618 1228 1716; x_wconf 86' lang='lat' dir='ltr'>contingit,</span> <span class='ocrx_word' id='word_1_94' title='bbox 1257 1636 1333 1690; x_wconf 87' lang='lat' dir='ltr'>ut</span> <span class='ocrx_word' id='word_1_95' title='bbox 1361 1619 1574 1691; x_wconf 89' lang='lat' dir='ltr'>etiam</span> <span class='ocrx_word' id='word_1_96' title='bbox 1603 1642 1761 1716; x_wconf 81' lang='lat' dir='ltr'>quae</span> 
     </span>
     <span class='ocr_line' id='line_1_17' title="bbox 254 1714 1824 1818; baseline -0.004 -26"><span class='ocrx_word' id='word_1_97' title='bbox 254 1745 349 1793; x_wconf 88' lang='lat' dir='ltr'>ex</span> <span class='ocrx_word' id='word_1_98' title='bbox 376 1737 700 1818; x_wconf 83' lang='lat' dir='ltr'>tempore</span> <span class='ocrx_word' id='word_1_99' title='bbox 731 1717 1160 1793; x_wconf 79' lang='lat' dir='ltr'>videbantur.</span> <span class='ocrx_word' id='word_1_100' title='bbox 1189 1715 1399 1789; x_wconf 87' lang='lat' dir='ltr'>effusa</span> <span class='ocrx_word' id='word_1_101' title='bbox 1419 1770 1442 1808; x_wconf 83' lang='lat'>‚</span> <span class='ocrx_word' id='word_1_102' title='bbox 1480 1714 1570 1786; x_wconf 83' lang='lat' dir='ltr'>ad</span> <span class='ocrx_word' id='word_1_103' title='bbox 1597 1739 1758 1788; x_wconf 88' lang='lat' dir='ltr'>ver·</span> <span class='ocrx_word' id='word_1_104' title='bbox 1820 1773 1824 1777; x_wconf 41' lang='lat'>&lt;</span> 
     </span>
     <span class='ocr_line' id='line_1_18' title="bbox 250 1814 1760 1914; baseline -0.003 -23"><span class='ocrx_word' id='word_1_105' title='bbox 250 1817 425 1891; x_wconf 86' lang='lat' dir='ltr'>bum</span> <span class='ocrx_word' id='word_1_106' title='bbox 478 1817 772 1914; x_wconf 84' lang='lat' dir='ltr'>repetita</span> <span class='ocrx_word' id='word_1_107' title='bbox 832 1814 1236 1889; x_wconf 78' lang='lat' dir='ltr'>reddantur.</span> <span class='ocrx_word' id='word_1_108' title='bbox 1309 1814 1527 1908; x_wconf 77' lang='lat' dir='ltr'>Quod</span> <span class='ocrx_word' id='word_1_109' title='bbox 1581 1836 1760 1887; x_wconf 80' lang='lat' dir='ltr'>meae</span> 
     </span>
     <span class='ocr_line' id='line_1_19' title="bbox 251 1912 1757 2012; baseline 0.002 -28"><span class='ocrx_word' id='word_1_110' title='bbox 251 1938 541 2012; x_wconf 84' lang='lat' dir='ltr'>quoque</span> <span class='ocrx_word' id='word_1_111' title='bbox 557 1913 1117 1988; x_wconf 80' lang='lat' dir='ltr'>mediocritatem</span> <span class='ocrx_word' id='word_1_112' title='bbox 1134 1912 1494 1985; x_wconf 84' lang='lat' dir='ltr'>memoriae</span> <span class='ocrx_word' id='word_1_113' title='bbox 1510 1912 1757 2011; x_wconf 86' lang='lat' dir='ltr'>seque·</span> 
     </span>
     <span class='ocr_line' id='line_1_20' title="bbox 245 2010 1752 2111; baseline -0.001 -25"><span class='ocrx_word' id='word_1_114' title='bbox 245 2010 460 2086; x_wconf 85' lang='lat' dir='ltr'>batur</span> <span class='ocrx_word' id='word_1_115' title='bbox 491 2066 516 2104; x_wconf 87' lang='lat'><strong>,</strong></span> <span class='ocrx_word' id='word_1_116' title='bbox 569 2012 617 2083; x_wconf 86' lang='lat' dir='ltr'><strong>fi</strong></span> <span class='ocrx_word' id='word_1_117' title='bbox 661 2011 944 2111; x_wconf 84' lang='lat' dir='ltr'>quando</span> <span class='ocrx_word' id='word_1_118' title='bbox 986 2012 1424 2087; x_wconf 84' lang='lat' dir='ltr'>interventus</span> <span class='ocrx_word' id='word_1_119' title='bbox 1474 2010 1752 2110; x_wconf 82' lang='lat' dir='ltr'>aliquo-</span> 
     </span>
     <span class='ocr_line' id='line_1_21' title="bbox 242 2111 1753 2209; baseline -0.001 -26"><span class='ocrx_word' id='word_1_120' title='bbox 242 2134 446 2196; x_wconf 82' lang='lat' dir='ltr'>rum,</span> <span class='ocrx_word' id='word_1_121' title='bbox 497 2111 616 2209; x_wconf 80' lang='lat' dir='ltr'>qui</span> <span class='ocrx_word' id='word_1_122' title='bbox 651 2112 835 2184; x_wconf 86' lang='lat' dir='ltr'>hunc</span> <span class='ocrx_word' id='word_1_123' title='bbox 863 2112 1215 2186; x_wconf 87' lang='lat' dir='ltr'>honorem</span> <span class='ocrx_word' id='word_1_124' title='bbox 1256 2130 1753 2208; x_wconf 66' lang='lat' dir='ltr'>mererentur,</span> 
     </span>
     <span class='ocr_line' id='line_1_22' title="bbox 242 2202 1754 2303; baseline 0.001 -24"><span class='ocrx_word' id='word_1_125' title='bbox 242 2206 500 2281; x_wconf 87' lang='lat' dir='ltr'>iterare</span> <span class='ocrx_word' id='word_1_126' title='bbox 532 2204 1062 2284; x_wconf 85' lang='lat' dir='ltr'>declamationis</span> <span class='ocrx_word' id='word_1_127' title='bbox 1092 2224 1363 2302; x_wconf 81' lang='lat' dir='ltr'>partem</span> <span class='ocrx_word' id='word_1_128' title='bbox 1390 2202 1754 2303; x_wconf 80' lang='lat' dir='ltr'>coegiffet.</span> 
     </span>
     <span class='ocr_line' id='line_1_23' title="bbox 242 2302 1875 2399; baseline -0.001 -22"><span class='ocrx_word' id='word_1_129' title='bbox 242 2306 395 2380; x_wconf 90' lang='lat' dir='ltr'>Nec</span> <span class='ocrx_word' id='word_1_130' title='bbox 421 2304 520 2377; x_wconf 90' lang='lat' dir='ltr'>est</span> <span class='ocrx_word' id='word_1_131' title='bbox 553 2304 929 2376; x_wconf 88' lang='lat' dir='ltr'>mendacio</span> <span class='ocrx_word' id='word_1_132' title='bbox 953 2304 1196 2394; x_wconf 75' lang='lat' dir='ltr'>locuS,</span> <span class='ocrx_word' id='word_1_133' title='bbox 1238 2302 1443 2375; x_wconf 91' lang='lat' dir='ltr'>salvis</span> <span class='ocrx_word' id='word_1_134' title='bbox 1481 2302 1605 2399; x_wconf 90' lang='lat' dir='ltr'>qui</span> <span class='ocrx_word' id='word_1_135' title='bbox 1645 2302 1749 2386; x_wconf 61' lang='lat' dir='ltr'>in-</span> <span class='ocrx_word' id='word_1_136' title='bbox 1860 2315 1875 2321; x_wconf 73' lang='lat'><strong><em>‘</em></strong></span> 
     </span>
     <span class='ocr_line' id='line_1_24' title="bbox 229 2400 1703 2478; baseline -0.005 -1"><span class='ocrx_word' id='word_1_137' title='bbox 229 2400 654 2478; x_wconf 16' lang='lat' dir='ltr'>«terfuerunt.</span> <span class='ocrx_word' id='word_1_138' title='bbox 1700 2447 1703 2448; x_wconf 24' lang='grc' dir='ltr'><em>ν</em></span> 
     </span>
     <span class='ocr_line' id='line_1_25' title="bbox 338 2494 1748 2590; baseline 0.001 -22"><span class='ocrx_word' id='word_1_139' title='bbox 338 2497 416 2568; x_wconf 81' lang='lat'>81</span> <span class='ocrx_word' id='word_1_140' title='bbox 454 2515 643 2582; x_wconf 80' lang='lat' dir='ltr'>Qms</span> <span class='ocrx_word' id='word_1_141' title='bbox 675 2513 912 2568; x_wconf 85' lang='lat' dir='ltr'>tamen</span> <span class='ocrx_word' id='word_1_142' title='bbox 932 2520 1144 2569; x_wconf 84' lang='lat' dir='ltr'>unam</span> <span class='ocrx_word' id='word_1_143' title='bbox 1168 2494 1679 2590; x_wconf 61' lang='lat' dir='ltr'>maximamque</span> <span class='ocrx_word' id='word_1_144' title='bbox 1702 2495 1748 2570; x_wconf 63' lang='grc' dir='ltr'>ἃ</span> 
     </span>
     <span class='ocr_line' id='line_1_26' title="bbox 244 2593 1744 2693; baseline -0.001 -25"><span class='ocrx_word' id='word_1_145' title='bbox 244 2618 359 2668; x_wconf 88' lang='lat' dir='ltr'>me</span> <span class='ocrx_word' id='word_1_146' title='bbox 378 2610 598 2665; x_wconf 89' lang='lat' dir='ltr'>artem</span> <span class='ocrx_word' id='word_1_147' title='bbox 616 2593 973 2667; x_wconf 83' lang='lat' dir='ltr'>memoriae</span> <span class='ocrx_word' id='word_1_148' title='bbox 988 2610 1252 2693; x_wconf 82' lang='lat' dir='ltr'>quaerat</span> <span class='ocrx_word' id='word_1_149' title='bbox 1270 2646 1298 2681; x_wconf 90' lang='lat'>‚</span> <span class='ocrx_word' id='word_1_150' title='bbox 1328 2593 1744 2670; x_wconf 84' lang='lat' dir='ltr'>exercitatio</span> 
     </span>
     <span class='ocr_line' id='line_1_27' title="bbox 243 2690 1740 2784; baseline 0.001 -15"><span class='ocrx_word' id='word_1_151' title='bbox 243 2692 342 2769; x_wconf 90' lang='lat' dir='ltr'>est</span> <span class='ocrx_word' id='word_1_152' title='bbox 357 2747 382 2783; x_wconf 86' lang='lat'><strong>,</strong></span> <span class='ocrx_word' id='word_1_153' title='bbox 399 2695 487 2766; x_wconf 90' lang='lat'>-&amp;</span> <span class='ocrx_word' id='word_1_154' title='bbox 505 2690 742 2765; x_wconf 85' lang='lat' dir='ltr'>labor:</span> <span class='ocrx_word' id='word_1_155' title='bbox 762 2692 979 2765; x_wconf 86' lang='lat' dir='ltr'>multa</span> <span class='ocrx_word' id='word_1_156' title='bbox 1002 2691 1344 2784; x_wconf 89' lang='lat' dir='ltr'>ediscere,</span> <span class='ocrx_word' id='word_1_157' title='bbox 1371 2692 1589 2767; x_wconf 87' lang='lat' dir='ltr'>multa</span> <span class='ocrx_word' id='word_1_158' title='bbox 1613 2720 1740 2771; x_wconf 85' lang='lat' dir='ltr'>co·-</span> 
     </span>
     <span class='ocr_line' id='line_1_28' title="bbox 243 2787 1738 2913; baseline 0.005 -52"><span class='ocrx_word' id='word_1_159' title='bbox 243 2790 494 2889; x_wconf 83' lang='lat' dir='ltr'>gitare,</span> <span class='ocrx_word' id='word_1_160' title='bbox 517 2788 595 2861; x_wconf 88' lang='lat'>&amp;</span> <span class='ocrx_word' id='word_1_161' title='bbox 629 2787 895 2887; x_wconf 85' lang='lat' dir='ltr'>(fifieri</span> <span class='ocrx_word' id='word_1_162' title='bbox 912 2788 1183 2891; x_wconf 86' lang='lat' dir='ltr'>potest)</span> <span class='ocrx_word' id='word_1_163' title='bbox 1210 2791 1568 2913; x_wconf 66' lang='lat' dir='ltr'>quotidie,</span> <span class='ocrx_word' id='word_1_164' title='bbox 1600 2819 1738 2891; x_wconf 87' lang='lat' dir='ltr'>po-</span> 
     </span>
     <span class='ocr_line' id='line_1_29' title="bbox 242 2885 1737 2986; baseline 0 -23"><span class='ocrx_word' id='word_1_165' title='bbox 242 2885 683 2963; x_wconf 84' lang='lat' dir='ltr'>tentiffimum</span> <span class='ocrx_word' id='word_1_166' title='bbox 701 2886 819 2959; x_wconf 91' lang='lat' dir='ltr'>est.</span> <span class='ocrx_word' id='word_1_167' title='bbox 852 2888 1043 2960; x_wconf 86' lang='lat' dir='ltr'>Nihil</span> <span class='ocrx_word' id='word_1_168' title='bbox 1070 2914 1268 2986; x_wconf 81' lang='lat' dir='ltr'>aeque</span> <span class='ocrx_word' id='word_1_169' title='bbox 1299 2889 1419 2974; x_wconf 83' lang='lat' dir='ltr'>vel</span> <span class='ocrx_word' id='word_1_170' title='bbox 1442 2908 1737 2985; x_wconf 85' lang='lat' dir='ltr'>augetur</span> 
     </span>
     <span class='ocr_line' id='line_1_30' title="bbox 242 2984 1733 3097; baseline 0.001 -40"><span class='ocrx_word' id='word_1_171' title='bbox 242 2985 443 3075; x_wconf 60' lang='lat' dir='ltr'>cura,</span> <span class='ocrx_word' id='word_1_172' title='bbox 485 2985 604 3057; x_wconf 89' lang='lat' dir='ltr'>vel</span> <span class='ocrx_word' id='word_1_173' title='bbox 633 2984 1046 3097; x_wconf 64' lang='lat' dir='ltr'>negligentia</span> <span class='ocrx_word' id='word_1_174' title='bbox 1066 2986 1441 3060; x_wconf 88' lang='lat' dir='ltr'>intercidit.</span> <span class='ocrx_word' id='word_1_175' title='bbox 1482 2989 1733 3076; x_wconf 82' lang='lat' dir='ltr'>Quare</span> 
     </span>
    </p>
   </div>
   <div class='ocr_carea' id='block_1_3' title="bbox 249 3081 1738 3186">
    <p class='ocr_par' dir='ltr' id='par_1_3' title="bbox 249 3081 1738 3186">
     <span class='ocr_line' id='line_1_31' title="bbox 249 3081 1738 3186; baseline -0.001 -29"><span class='ocrx_word' id='word_1_176' title='bbox 249 3084 319 3157; x_wconf 89' lang='lat'>&amp;</span> <span class='ocrx_word' id='word_1_177' title='bbox 341 3083 539 3182; x_wconf 85' lang='lat' dir='ltr'>pueri</span> <span class='ocrx_word' id='word_1_178' title='bbox 562 3082 792 3158; x_wconf 72' lang='lat' dir='ltr'>statim</span> <span class='ocrx_word' id='word_1_179' title='bbox 806 3138 833 3179; x_wconf 81' lang='lat'>‚</span> <span class='ocrx_word' id='word_1_180' title='bbox 860 3100 938 3157; x_wconf 89' lang='lat' dir='ltr'>ut</span> <span class='ocrx_word' id='word_1_181' title='bbox 952 3085 1251 3186; x_wconf 69' lang='lat' dir='ltr'>praecepi</span> <span class='ocrx_word' id='word_1_182' title='bbox 1284 3139 1308 3180; x_wconf 87' lang='lat'><strong>,</strong></span> <span class='ocrx_word' id='word_1_183' title='bbox 1353 3083 1560 3184; x_wconf 77' lang='lat' dir='ltr'>quam</span> <span class='ocrx_word' id='word_1_184' title='bbox 1585 3081 1738 3183; x_wconf 39' lang='lat' dir='ltr'>plu*</span> 
     </span>
    </p>
   </div>
  </div>
 </body>
</html>
