2250 3761
310 118 521 211 Quat
552 133 642 190 m
675 130 973 190 susem.
1003 127 1297 192 cums
1329 135 1513 193 ons,
1581 146 1718 224 395

203 232 504 309 fendere
576 232 864 331 quidem
927 246 1090 304 reos
1140 230 1471 327 profesto*
1520 233 1733 327 quam

207 329 452 407 facere
482 328 596 405 vir
633 329 870 403 bonus·
895 327 1151 401 malet:
1188 351 1331 397 non
1370 342 1606 401 tamen
1626 326 1734 402 ‚ita

190 452 481 502 nornen
522 425 743 525 ipsum
778 422 1219 501 accusatoris
1244 421 1608 513 horrebis,
1653 440 1735 497 ut

207 524 411 607 nullo
432 549 518 601 ne
623 550 663 598 e
685 522 974 622 publico
997 545 1229 620 neque
1260 519 1543 617 privato
1567 518 1734 614 duoi

209 621 417 722 poflit
453 645 502 695 o
577 624 730 712 cio,
755 637 831 694 ut
853 620 1171 719 aliquem
1185 619 1274 691 ad
1302 616 1730 693 reddendam

202 720 564 793 rationem
581 719 743 795 vitoe
762 732 1007 795 vocet.
1043 717 1229 789 Nam
1253 720 1331 789 &
1357 713 1546 812 leges
1570 715 1730 812 ipsae

203 815 385 891 nihil
422 817 663 899 valent
685 871 710 906 ,
745 815 867 890 nifi
920 814 1172 889 astoris
1232 813 1494 889 idonea
1522 837 1727 887 *voce

203 913 533 991 munitae:
568 915 646 991 δε
670 913 718 986 fi
751 938 994 1012 poenas
1024 912 1363 989 scelerum
1392 925 1728 1006 expetere

199 1009 309 1084 fas
330 1036 472 1087 non
503 1011 601 1086 est
621 1065 645 1103 ‚
667 1014 889 1109 prope
916 1010 1012 1084 est
1027 1027 1105 1082 ut
1125 1010 1383 1089 scelera
1406 1007 1550 1104 ipsa
1574 1025 1728 1103 per·

197 1109 401 1183 miffa
439 1107 604 1183 fint:
638 1107 1090 1183 &licentiam
1114 1107 1314 1181 malis
1344 1105 1541 1195 dari,
1579 1127 1727 1177 cer·

203 1204 279 1280 te
310 1220 559 1277 contra
586 1202 813 1275 bonos
835 1201 959 1276 est.
986 1203 1232 1294 Quare
1250 1226 1477 1300 neque
1506 1200 1725 1275 socio·

204 1324 368 1375 rum
394 1301 717 1398 querelas
737 1355 759 1399 ,
804 1323 936 1373 nec
964 1297 1168 1373 amici
1195 1298 1318 1373 vel
1344 1297 1724 1396 propinqui

205 1421 458 1472 necem
499 1449 524 1487 ,
576 1421 711 1469 nec
759 1415 1125 1494 erupturas
1180 1395 1252 1466 in
1307 1394 1724 1491 Rempubli-

202 1519 363 1570 cam
387 1494 930 1593 conspirationes
956 1495 1206 1568 inultas
1231 1491 1722 1589 patieturora-

202 1609 322 1666 tor
343 1621 368 1679 ;
393 1616 541 1664 non
563 1608 787 1689 poenae
813 1591 1218 1673 nocentium
1235 1590 1527 1687 cupidus
1546 1643 1577 1683 ,⁶
1597 1589 1719 1665 sed

200 1689 620 1769 emendandi
638 1688 812 1771 viria
835 1743 862 1776 ,
889 1687 1422 1788 corrigendique
1451 1712 1715 1764 mores,

199 1786 385 1863 Nam
445 1787 566 1889 qui
619 1789 892 1862 ratione
923 1787 1218 1865 ,traduci
1268 1786 1355 1859 ad
1417 1785 1715 1863 meliora

197 1911 348 1964 non
404 1887 678 1984 poss‘unt
710 1941 734 1980 ,
780 1885 932 1959 solo
988 1904 1180 1959 metu
1241 1886 1715 1964 continentur.

193 1985 295 2057 Ita
355 2010 440 2057 ue
458 2003 535 2056 ut
549 1983 1045 2066 accusatoriam
1064 1984 1286 2059 vitam
1305 1983 1557 2057 vivere
1580 2037 1603 2074 ,
1629 1986 1711 2058 &

191 2083 282 2156 ad
369 2081 740 2163 efer'endos
771 2107 933 2175 reos
962 2083 1247 2181 praemio
1275 2081 1485 2170 duci,
1528 2106 1706 2180 pro-

187 2179 447 2253 :timum
462 2181 839 2254 latrocinio
868 2181 964 2254 est
989 2211 1011 2268 ;
1037 2182 1134 2254 ita
1160 2180 1421 2277 pestem
1447 2180 1710 2250 intesti-

188 2301 353 2350 nam
389 2278 832 2372 propulsare,
875 2302 1032 2348 cum
1061 2273 1707 2370 propugnatoribus

190 2374 437 2473 patriae
459 2371 1031 2465 comparandum.
1071 2443 1077 2450 ,
1680 2415 1699 2448 ,;

290 2465 645 2553 ΙΒΕόρυΕ
678 2465 1025 2560 principes
1053 2464 1125 2534 in
1156 2461 1547 2559 Republica
1577 2459 1715 2534 viri

190 2583 340 2641 non
399 2563 968 2642 'detressaverunt
1030 2561 1231 2633 hant:²
1274 2559 1487 2638 officii
1542 2582 1704 2656 par-

193 2685 387 2744 tem:
425 2659 816 2757 creditique
864 2658 1019 2733 sunt
1056 2658 1275 2736 etiam
1310 2658 1475 2731 clari
1503 2657 1705 2749 iuve-

192 2783 315 2836 nes
367 2759 670 2832 obsidem
698 2755 1127 2856 Reipublicae
1153 2758 1318 2828 dare
1353 2756 1702 2829 malorum

194 2857 453 2948 civium
498 2856 1007 2932 accusationem
1035 2911 1058 2946 ,
1106 2854 1272 2953 quia
1319 2873 1451 2929 nec·
1482 2855 1702 2927 odisse

192 2955 554 3053 improbos
579 3007 603 3045 ‚
645 2980 773 3028 nec
824 2954 1199 3027 simultates
1249 2963 1700 3050 provocarej,

193 3054 311 3126 nisi
359 3080 445 3129 ex
489 3051 743 3146 fiducia
800 3051 1003 3126 bonae
1046 3051 1302 3219 mengs
1349 3050 1697 3162 yidebanf

1298 3173 1366 3244 Vl

1791 1854 1801 1884 Ι

2202 1658 2232 2202 Ἓπ“;.,--,,,ῃ
2230 1618 2232 1621 ,
2230 1584 2232 1601 ,-
