2250 3761
469 143 596 221 DE
643 161 895 220 com
941 142 1456 217 Vssanonu.M.·
1625 161 1764 245 ²¹7

250 261 452 336 dabit
471 261 863 334 imitatione
882 261 1090 360 digna
1119 263 1179 333 C
1186 260 1387 332 affius
1412 260 1719 334 Severus
1744 314 1771 352 ‚

247 361 380 458 qui
396 360 446 432 fi
470 360 734 433 caeteris
761 359 1141 433 virtutibus
1162 359 1480 431 colorem
1504 361 1581 431 &
1621 383 1779 455 gra-

254 458 550 532 vitatem
580 458 926 530 orationis
967 456 1319 550 adjeciffet
1350 508 1378 542 ,
1404 456 1772 551 ponendus

251 554 437 627 inter
468 556 853 652 praecipuos
889 554 1101 629 foret.
1158 555 1342 626 Nam
1390 558 1468 626 δε
1505 552 1771 650 ingenii

250 652 627 749 plurimum
659 653 754 725 est
777 653 846 724 in
875 676 964 724 eo
991 707 1013 742 ,
1050 656 1128 725 &
1158 650 1505 727 acerbitas
1525 651 1702 721 mira
1736 703 1761 742 ,

254 750 333 821 δι
362 752 717 823 urbanitas
748 805 772 841 ,
817 755 897 826 &
947 749 1055 825 vis
1087 750 1349 821 summa
1388 772 1408 822 τ
1456 747 1579 819 ‘sed
1612 749 1771 845 plus

253 846 611 944 stomacho
644 850 851 947 quam
886 847 1178 927 consilio
1204 846 1399 919 dedit
1429 872 1447 915 ε
1481 864 1771 942 praeter-

257 937 437 1017 ea’ut
454 947 673 1020 amari
694 946 867 1021 sales
890 998 916 1038 ,
955 947 1056 1019 ita
1077 946 1488 1045 frequenter
1518 943 1769 1017 amari-

254 1043 428 1116 tudo
452 1044 594 1141 ipsa
618 1043 910 1118 ridicula
933 1043 1055 1118 est.

343 1142 522 1213 Sunt
551 1143 628 1214 ὃ(
677 1141 792 1215 alii
842 1141 1044 1213 multi
1074 1140 1360 1231 diserti,
1397 1133 1581 1239 quos
1603 1164 1770 1238 per-

254 1237 451 1333 sequi
482 1237 768 1335 longum
784 1238 902 1309 est.
935 1240 1197 1308 Eorum
1220 1261 1401 1334 quos
1420 1238 1720 1309 viderim
1742 1296 1767 1331 ,

256 1333 631 1406 Domitius
673 1333 843 1405 Afer
869 1387 893 1423 ‚
937 1337 1020 1405 &
1067 1333 1285 1406 Julius
1346 1332 1714 1408 Africanus
1746 1390 1773 1426 ‚

255 1429 466 1528 longe
486 1428 1017 1526 praestantiflimi.
1036 1429 1434 1503 Verborum
1453 1446 1603 1502 arte
1619 1430 1775 1525 ille,

260 1529 341 1600 δι
391 1544 553 1600 toto
613 1553 870 1627 genere
925 1527 1197 1601 dicendi
1234 1527 1705 1625 praeferendus
1745 1585 1772 1621 ,

258 1627 339 1699 &
365 1649 578 1725 quem
598 1627 670 1698 in
697 1650 993 1700 numero
1022 1644 1352 1718 veterum
1370 1627 1604 1700 locare
1623 1652 1773 1701 non

257 1723 506 1797 timeas
558 1752 576 1796 ε
625 1724 740 1797 hic
796 1723 1217 1799 concitatior
1248 1778 1274 1816 ‚
1318 1725 1435 1798 sed
1489 1719 1563 1796 in
1598 1748 1770 1798 cura

256 1822 639 1896 verborum
655 1821 935 1915 nimius,
959 1825 1038 1898 δι
1065 1821 1573 1920 compositione
1599 1847 1769 1897 non-

257 1943 615 2017 nunquam
676 1919 958 2019 longior
981 1977 1001 2005 ,
1064 1924 1146 1996 &
1200 1920 1785 2000 transsationibus·

253 2041 501 2114 parum
536 2018 880 2093 modicus,
1780 2086 1783 2089 1

355 2118 568 2188 Erant
628 2118 814 2191 clara
849 2116 929 2189 &
975 2142 1198 2217 nuper
1229 2116 1523 2218 ingenia.
1574 2127 1765 2199 Nam

254 2211 332 2284 δι
364 2214 773 2289 Trachallus
816 2216 1225 2314 plerumque
1276 2220 1581 2295 sublimis
1607 2276 1636 2308 ,
1682 2226 1766 2297 &

256 2307 414 2382 satis
449 2331 727 2408 apertus
754 2312 922 2403 fuit,
950 2316 1026 2386 &
1059 2339 1269 2411 quem
1291 2317 1473 2389 velle
1495 2319 1767 2415 optima

260 2408 580 2481 crederes
623 2438 640 2480 ι
693 2411 965 2482 auditus
999 2433 1236 2482 tamen
1272 2412 1524 2505 major.
1577 2416 1787 2489 Nam·

257 2502 339 2572 &
372 2504 567 2576 vocis
605 2560 626 2594 ‚
680 2525 1010 2605 quantam
1043 2506 1116 2578 in
1155 2507 1349 2581 nullo
1380 2513 1690 2609 cognovi
1735 2569 1763 2604 ,

252 2598 549 2676 felicitas
572 2656 594 2692 ‚
625 2608 700 2676 &
728 2604 1211 2699 pronuntiatio
1249 2608 1362 2679 vel
1388 2607 1605 2683 scenis
1638 2611 1765 2684 suf·

252 2696 515 2770 fessura
538 2752 558 2785 ,
592 2703 667 2772 &
708 2702 921 2775 decor
964 2734 982 2778 :
1019 2704 1252 2776 omnia
1290 2706 1596 2805 denique
1645 2710 1762 2803 ei,
1827 2790 1832 2805 ,

253 2820 412 2894 quae
438 2793 590 2864 sunt
618 2800 803 2868 extra
825 2854 847 2889 ,
877 2801 1380 2898 superfuerunt.
1410 2807 1496 2876 Et
1511 2807 1758 2883 Vibius

256 2891 545 2987 Crispus
580 2946 602 2981 ,
653 2898 1063 2991 compofitus
1092 2957 1114 2989 ‚
1147 2902 1224 2972 δε
1251 2900 1589 2992 jucundus
1621 2961 1641 2987 ,
1678 2911 1760 2979 δε

205 3038 212 3043 -
255 2990 697 3062 delectationi
725 3010 924 3064 natus
942 3049 962 3082 ,
989 2996 1272 3092 privatis
1292 3022 1531 3078 tamen
1545 2998 1783 3077 causis-

252 3089 466 3190 quam
507 3088 800 3185 publicis
829 3092 1100 3172 melior.
1534 3100 1539 3105 ’

444 3189 626 3270 Tota.
690 3193 734 3262 I
738 3193 795 3261 l.
1406 3202 1481 3273 K
