2250 3761
316 203 319 206 Δ
376 109 516 183 ΒΕ
574 113 956 187 G'ENERE
1008 111 1464 193 nictum.
1566 123 1714 219 419'

209 252 241 283 α
269 229 585 301 Coccum
624 228 701 300 &
733 227 1147 320 Antocidem
1188 227 1651 305 remittentur.

296 326 731 424 Interrogare
779 325 1013 401 tamen
1064 327 1279 399 velim
1312 355 1399 400 an
1445 328 1751 399 Isocra-.

209 436 319 493 tes
355 423 585 496 Attice
631 425 907 498 dixerit.
969 423 1163 494 Nihil
1209 422 1389 496 enim
1429 443 1576 498 tam
1617 424 1720 495 est

207 518 428 687 Lzfiae
457 520 863 594 diversum.
933 518 1357 619 Negabunt?
1416 527 1507 593 At
1565 519 1721 612 ejus
1759 601 1766 610 „

208 613 277 686 sc
328 614 441 688 ola
478 616 822 715 principes
853 619 1221 690 oratorum
1250 619 1462 689 dedit.
1513 621 1724 709 Quae·
1761 699 1764 702 ,

208 728 402 787 ratur
446 712 724 787 similius
772 716 1054 813 aliquid.
1103 716 1496 813 Hyperides
1532 717 1722 786 Atti-

209 812 388 896 cus?
421 812 657 883 Certe.
707 813 800 884 At
830 816 983 909 plus
1018 813 1286 885 indulfit
1340 813 1719 909 voluptati.

209 906 519 979 Transeo
566 910 901 1005 plurimos
925 964 947 1000 ‚
994 914 1430 1009 Lycurgum,
1465 909 1728 980 Aristo-

210 1004 450 1101 gitona
488 1058 511 1096 ‚
566 1008 644 1077 &
696 1008 800 1077 his
860 1009 1133 1104 priores
1200 1010 1477 1097 lsaeum,
1518 1006 1721 1092 Anti-

210 1101 549 1196 phontem
583 1129 600 1172 ε
652 1127 829 1198 quos
862 1122 937 1174 ut
961 1106 1280 1176 homines
1307 1105 1490 1176 inter
1516 1104 1585 1175 se
1613 1129 1727 1199 ge-

213 1220 382 1271 nere
421 1195 714 1290 fimile3‚
740 1199 1137 1272 differentes
1182 1200 1435 1271 dixeris
1468 1195 1769 1294 specie-'⁹

329 1293 525 1384 Quid
549 1294 712 1387 ille,
741 1295 933 1390 cujus
965 1295 1185 1369 modo
1210 1295 1503 1368 fecimus
1533 1321 1729 1369 men-

216 1389 528 1481 tionem,
580 1392 979 1468 AEschine's?
1027 1401 1261 1466 nonne
1306 1393 1413 1465 his
1464 1393 1674 1465 latior
1696 1414 1734 1480 ‚'

220 1489 300 1561 δε
330 1490 744 1577 audentior,
781 1493 858 1565 &
894 1491 1273 1565 excelfior?
1313 1490 1508 1583 Quid
1537 1490 1728 1562 deni-

215 1610 355 1684 que
403 1587 966 1663 Demosthenes?
1005 1595 1155 1661 'non
1218 1589 1501 1662 cunctos
1564 1588 1728 1659 illos

216 1700 466 1757 tenues
505 1688 583 1759 &
630 1686 1152 1784 circumspeEtos
1178 1743 1202 1777 ,
1252 1686 1673 1757 sublimitate
1701 1739 1731 1774 ,

212 1781 334 1874 vi,
395 1782 710 1880 impetu,
754 1785 992 1875 cultu,
1043 1779 1545 1880 compositione
1612 1783 1746 1854 sud

215 1883 548 1977 peravit?
581 1890 725 1955 non
742 1880 1029 1980 insurgit
1059 1883 1230 1954 locis
1251 1886 1285 1956 ἓ
1324 1908 1467 1954 non
1493 1880 1730 1978 figuris

213 1977 522 2074 gaudet?
571 1992 714 2052 non
744 1980 1306 2055 transsationibus
1338 1980 1557 2054 nitet?
1581 2004 1730 2050 non

213 2077 538 2150 oratione
579 2075 731 2154 ficta
768 2079 916 2151 'dat
971 2078 1358 2153 tacentibus
1408 2103 1666 2153 vocem
1690 2079 1739 2161 ἓ,

211 2172 357 2261 non
402 2174 574 2249 illud
605 2174 1076 2271 jusjurandum
1100 2200 1229 2272 per
1256 2176 1464 2247 caesos
1487 2177 1558 2246 in
1584 2179 1733 2247 Ma-

211 2274 514 2343 rathone
576 2295 660 2342 ac
743 2274 1088 2343 Salamine
1172 2290 1732 2365 propugnatores
1769 2352 1770 2355 Ἴ

211 2366 686 2462 Reipublicae,
719 2365 880 2436 satis
914 2364 1276 2434 manifesto
1308 2366 1518 2435 docet
1547 2389 1729 2457 prae-
1765 2452 1768 2453 ἢ

219 2470 299 2538 ce
352 2479 581 2536 torem
616 2459 766 2554 ejus
804 2460 1166 2531 Platonem
1195 2457 1441 2532 fuiffe?
1495 2461 1736 2550 Quem

218 2561 295 2658 ip
325 2584 444 2634 um
474 2582 642 2632 num
673 2558 995 2632 Afianum
1022 2554 1566 2655 appellabimu3‚
1586 2557 1737 2653 ple-

282 2762 330 2805 ‘a
365 2753 627 2806 Antorides
678 2770 951 2806 numeratur
1000 2761 1048 2807 &
1083 2767 1324 2804 oratorem
1361 2752 1737 2815 Atheniensem,

224 2818 255 2870 ὲ
301 2822 555 2871 Plutarcho
609 2823 730 2870 inter
786 2820 949 2870 decern
1002 2827 1084 2886 qui
1118 2818 1348 2884 quasdam
1389 2821 1630 2874 orationes
1656 2834 1737 2865 te·

232 2898 444 2935 oratores
492 2883 814 2936 Athenienses.
882 2892 951 2935 Dc
1003 2885 1209 2950 liquerit.
1249 2880 1449 2932 Videtur
1485 2897 1645 2930 autem
1664 2881 1738 2929 fi·

234 2949 391 2998 Cocco
454 2947 578 2998 nihil
636 2946 719 2997 ine
775 2950 949 2998 scribit.
1004 2946 1228 3009 gnificate
1308 2945 1600 2994 Antocidem
1679 2948 1736 3012 ὃς

228 3012 443 3063 ’rantum
496 3010 660 3062 Snidas
708 3013 775 3061 ait
832 3013 955 3061 hunc
1007 3017 1213 3061 Coccum
1289 3011 1527 3073 tenuiores
1599 3004 1742 3056 suisse

230 3074 369 3127 fuisse
417 3077 637 3129 Isocratis
674 3072 959 3144 discipulum
1009 3074 1153 3140 Lysia.
1192 3070 1341 3127 Turn.

1356 3138 1638 3240 svj‘
