2250 3761
495 136 636 213 ¹94
878 113 1257 194 L113.‚X.
1332 114 1572 187 'C·AP.
1670 121 1723 191 1.

485 232 898 331 q11ire6'tum
930 232 1210 305 dicendi
1239 258 1456 330 genus
1486 233 1681 333 sequi
1723 238 2008 316 volunt?

484 330 627 401 Alii
669 330 886 426 press'a
938 331 1220 403 demum
1267 335 1342 405 &
1378 333 1616 405 tenuia
1656 391 1679 425 ,
1715 338 1795 409 δε
1850 357 2008 438 quae

484 427 849 501 minimum
885 429 974 500 ab
1001 429 1124 501 usu
1173 430 1591 528 quotidiano
1617 437 1953 510 recedant
1976 492 2006 531 ‚

484 526 649 599 sana
686 531 763 600 &
817 526 990 601 vere
1022 527 1258 600 Attica
1307 544 1573 625 putant.
1632 534 2006 625 Quosdam

483 623 741 699 elatior
766 623 1025 723 ingenii
1051 625 1161 700 vis
1185 678 1211 711 ‚
1237 628 1316 701 &
1346 627 1566 723 magis
1594 633 1948 707 concitata
1973 686 2001 726 ,

484 723 563 797 &
623 722 831 820 plena
876 722 1152 820 spiritfis
1195 724 1405 823 capit.
1445 728 1620 801 Sunt
1648 731 1727 804 &
1762 731 1938 805 lenis
1974 785 2002 825 ,

483 822 562 896 &
585 821 788 893 nitidi
815 876 838 912 ,
872 824 949 894 &
971 822 1335 921 compofiti
1358 824 1635 922 generis
1665 852 1809 900 non
1833 855 2004 925 pau·

166 966 276 1019 m,
305 984 381 1019 m,
413 919 547 1017 aci
591 937 970 994 amatores,
1015 922 1133 995 De
1183 947 1320 1020 qua
1360 921 1750 998 differentia
1798 927 2002 1000 diffe.

118 1045 200 1087 10.

479 1041 631 1093 ram
657 1019 774 1091 dili
867 1018 1052 1094 ntiils
1078 1076 1101 1111 ,
1122 1021 1280 1096 etun
1311 1020 1399 1094 de
1425 1044 1686 1121 genere
1714 1023 1996 1100 dicendi

480 1141 763 1222 quaeren
812 1142 929 1189 um
984 1135 1142 1193 ent.
1731 1132 1734 1136 ’
2024 1152 2029 1156 ·

582 1218 670 1288 V.
708 1217 1107 1290 INTERIM
1141 1216 1537 1301 summatim
1571 1218 1735 1317 quid
1779 1219 1818 1292 a
1848 1243 1990 1319 qua

478 1311 778 1389 leffione
797 1333 1045 1414 petere
1062 1315 1312 1414 poffint
1347 1373 1370 1409 ,
1415 1318 1538 1417 qui
1572 1315 1992 1398 confirmare

478 1410 888 1488 facultatem
937 1414 1215 1489 dicendi
1263 1415 1572 1500 volunt,
1625 1415 1987 1513 attingam.

478 1511 750 1587 Paucos
785 1513 970 1587 enim
999 1568 1021 1604 ‚
1059 1512 1183 1611 qui
1227 1512 1381 1586 sunt
1427 1513 1932 1590 eminentiffimi
1965 1529 1991 1607 3

477 1632 864 1708 excerpere
885 1610 956 1682 in
971 1612 1208 1686 animo
1233 1610 1353 1683 est.
1374 1612 1610 1683 Facile
1633 1611 1734 1683 est
1753 1629 1994 1692 autem

479 1705 790 1781 studiofis
836 1763 860 1801 ,
918 1709 1039 1806 qui
1077 1708 1205 1779 fint
1251 1707 1358 1782 his
1399 1705 1717 1779 fimillimi
1752 1764 1775 1798 ‚
1822 1708 1993 1801 judi..

479 1828 643 1880 care
683 1834 703 1878 :
749 1832 837 1880 ne
882 1805 1244 1906 quisquam
1293 1821 1646 1905 quaeratur
1704 1807 1989 1880 omiffos

475 1903 665 1976 forte
704 1903 978 2004 aliquos
1023 1928 1316 1995 eorum,
1361 1927 1541 2004 quos
1589 1902 1731 2002 ipse
1777 1906 1988 1987 valde

477 2003 765 2102 probet.
831 2006 1083 2075 Fateor
1128 2003 1314 2074 enim
1366 2003 1597 2098 plures
1648 2003 1986 2100 legendos

477 2097 618 2173 effe
644 2155 666 2191 ,
689 2101 896 2198 quam
920 2101 1040 2200 qui
1060 2101 1100 2173 a
1125 2126 1236 2174 me
1262 2101 1827 2173 nominabuntur.
1848 2101 1988 2173 Sed

476 2222 663 2274 nunc
687 2224 946 2299 genera
993 2198 1139 2298 ipsa
1176 2199 1549 2273 lectionum
1578 2255 1599 2289 ‚
1637 2224 1790 2297 quae
1807 2221 1989 2295 prae-

443 2297 681 2396 ,cipue
729 2299 1111 2372 convenire
1158 2296 1675 2372 intendehtibus
1712 2314 1789 2368 ut
1822 2318 1988 2369 ora-.-

433 2380 670 2471 ”tores
699 2396 865 2470 fiant
898 2396 1278 2472 existimem
1299 2451 1321 2487 ‚
1356 2395 1754 2495 persequar.

585 2521 643 2570 1.
667 2478 979 2569 'IGITUR
1010 2512 1088 2568 ut
1119 2498 1368 2568 Aratus
1404 2514 1432 2544 ‘²
1475 2494 1563 2566 ab
1603 2495 1780 2566 Jove
1812 2489 1992 2565 inci·-

549 2714 799 2763 omero
829 2691 1180 2764 videmur.
1206 2689 1339 2760 Hic
1366 2686 1613 2788 enim(
1643 2687 1995 2786 quemad-

475 2591 806 2768 Eliendum
836 2610 1034 2690 putat
1057 2645 1084 2678 ,
1121 2593 1216 2666 ita
1245 2614 1374 2664 nos
1404 2591 1538 2664 rite
1570 2588 1869 2688 coepturi
1898 2589 1989 2661 ab·

157 2739 220 2790 Il.
247 2737 286 2791 Ι.
312 2752 388 2790 21.
408 2755 458 2790 ν.

120 2821 229 2873 ‘95’

477 2788 767 2868 modum
808 2812 896 2858 ex
938 2790 1236 2861 Oceano
1269 2785 1436 2865 dicit
1482 2787 1627 2885 ipse
1678 2784 1990 2858 amnium

479 2885 629 2965 vim
648 2885 1090 2986 fontit'tmque
1110 2885 1344 2966 cursus
1366 2884 1642 2962 initium
1664 2904 1918 2983 capere
1946 2881 1989 2984 )

439 3050 442 3051 ’
545 3065 578 3097 a
596 3048 852 3102 Atamsfic
870 3025 1043 3124 incip—it
1061 3048 1386 3121 Astrologica.
1407 3055 1483 3102 Εἰ
1500 3048 1609 3103 Aah
1626 3045 1901 3112 &menda-¹

478 3109 557 3166 Ab
578 3112 694 3168 Jove
711 3113 1019 3200 grincipusm.
