2250 3761
483 125 613 207 DE
639 124 1411 202 Pnouuu‘nmtout.
1580 156 1711 230 33¹

209 241 460 321 multo
502 238 850 338 post-,ubi
868 291 891 330 ,
918 239 997 312 ὅ(
1028 255 1368 335 quatenns
1399 242 1733 337 recipien-

214 343 366 415 dus
400 338 481 411 fit
513 338 627 412 hic
665 338 883 412 flexus
910 389 935 427 ,
986 334 1067 407 &
1119 353 1359 408 cantus
1395 338 1681 435 quidem
1707 391 1740 432 ‚
1819 354 1834 412 Γ

216 439 361 514 sed
387 435 624 535 (quod
663 434 980 541 plerique
1009 431 1399 532 intelligere
1425 437 1678 510 nolunt
1704 439 1743 539 )

216 533 622 613 obscurior.-
786 583 790 591 .

193 668 200 673 -
321 660 393 728 4.
455 633 624 708 Jm
682 641 892 702 Eum
931 643 1214 728 tempus
1269 628 1371 703 est
1409 628 1744 725 dicendi,⁷

217 756 387 830 quae
433 729 517 803 fit
556 745 715 826 apta
757 728 1264 825 pronuntiatio,
1313 729 1497 822 Quae
1550 732 1743 803 certe

222 854 322 902 ea
345 827 498 923 est,
537 851 690 925 quae
718 826 803 901 iis
831 829 919 901 de
961 826 1214 924 quibus
1243 825 1540 898 dicimus
1563 877 1588 913 ‚
1628 850 1745 902 ac-

224 925 724 1002 commodatur
748 951 766 997 :
798 927 995 1024 quod
1018 924 1306 1023 quidem
1327 924 1637 998 maxima
1654 943 1748 998 ex

218 1043 426 1123 parte
475 1021 796 1124 praestant
839 1024 958 1121 ipfi
999 1040 1235 1095 motus
1289 1023 1689 1096 animorum
1714 1074 1743 1115 ‚

220 1122 576 1219 sonatque
619 1142 767 1189 vox
806 1144 886 1192 ut
920 1114 1187 1193 feriffir.
1233 1120 1370 1193 Sed
1409 1123 1569 1197 etun
1614 1121 1745 1194 fint

219 1218 347 1292 alii
390 1219 554 1293 veri
588 1214 866 1288 affessns
896 1270 921 1306 ‚
968 1212 1090 1288 alii
1133 1213 1272 1286 fieti
1313 1219 1391 1289 &
1428 1218 1681 1292 imitati
1715 1244 1739 1293 ε

220 1314 391 1392 veri
430 1312 843 1389 naturaliter
894 1327 1269 1407 erumpunt
1297 1364 1320 1403 ,
1361 1332 1443 1385 ut
1487 1317 1743 1388 dolen-

215 1413 449 1504 tium,
496 1411 982 1503 irascentium,
1021 1407 1576 1505 indignantium3
1621 1411 1744 1487 sed

219 1530 468 1589 carent
498 1528 650 1585 arte
672 1563 695 1600 ,
732 1508 1037 1606 ideoque
1067 1531 1215 1579 non
1249 1506 1402 1581 sunt
1440 1509 1745 1609 discipli-

219 1635 331 1684 nae
383 1608 764 1684 traditione
817 1604 1197 1680 formandi.
1236 1608 1502 1679 Contra
1533 1663 1556 1699 ,
1613 1608 1738 1708 qui

217 1708 382 1782 effin
434 1726 646 1781 untur
683 1702 1121 1788 imitatione,
1154 1723 1376 1777 artem
1421 1706 1678 1780 habent
1702 1733 1737 1794 ς,

221 1805 339 1880 sed
445 1804 468 1822 “
521 1823 757 1880 carent
803 1802 1102 1895 natura,
1149 1798 1459 1902 ideoque
1511 1804 1583 1876 in
1628 1804 1739 1877 his
1798 1826 1811 1848 ‘

223 1903 528 2000 primum
563 1903 660 1974 est
707 1903 890 1976 bene
945 1902 1174 1989 affici,
1224 1904 1300 1976 δι
1354 1903 1729 2000 concipere

209 2001 555 2099 imagines
583 2024 817 2072 rerum
841 2055 863 2090 ‚
894 2001 971 2073 δι
1001 2018 1335 2098 tanquam
1363 2001 1552 2074 veris
1580 2026 1733 2075 mo·-

219 2100 373 2173 veri
399 2126 424 2171 τ
443 2098 531 2172 fic
556 2098 758 2172 velut
781 2099 1006 2170 media
1038 2123 1186 2170 vox
1210 2153 1233 2186 ‚
1264 2124 1475 2195 quem
1523 2098 1728 2173 habi-

219 2212 367 2269 tum
421 2197 461 2269 a
508 2196 716 2269 nobis
757 2196 1107 2293 acceperit
1135 2247 1157 2279 ‚
1198 2196 1384 2269 hunc
1417 2196 1727 2283 iudicum

197 2294 463 2367 animis
504 2294 713 2366 dabit.
776 2293 888 2364 1³.st
932 2294 1116 2365 enim
1160 2292 1423 2366 mentis
1463 2292 1723 2384 index,

199 2396 306 2464 -&
343 2392 544 2464 velut
581 2390 983 2488 exemplar,
1025 2415 1108 2460 ac
1162 2386 1500 2476 totidem,
1547 2404 1741 2485 quot*

220 2486 338 2560 illa
368 2540 391 2577 ,
425 2489 848 2562 mutationes
878 2486 1123 2559 habet«

293 2585 395 2655 Ita
448 2605 535 2656 u'e
564 2585 730 2658 laetis
774 2587 844 2657 in
884 2584 1098 2658 rebus
1119 2581 1369 2681 piena,
1398 2579 1729 2679 fim·plex;

225 2684 304 2757 &
333 2679 403 2778 ip
436 2706 475 2753 a
506 2683 1030 2780 quodammodo
1056 2680 1294 2754 hilaris
1323 2679 1521 2754 fluit:
1551 2698 1625 2753 at
1646 2681 1723 2754 in

223 2777 605 2853 certamine
638 2782 860 2853 erecta
886 2780 1055 2853 totis
1076 2778 1342 2853 viribus
1360 2834 1383 2870 ,
1414 2780 1493 2852 &
1517 2780 1725 2853 velut

221 2874 541 2951 omnibus
609 2878 843 2949 nervis
895 2877 1302 2951 intenditur.
1358 2881 1582 2949 Atrox
1641 2878 1721 2951 in

225 2975 317 3046 ita
338 2991 364 3064 '‚
401 2975 477 3046 &
501 2973 740 3071 aspera
770 2998 851 3047 ac
884 2974 1085 3050 densa
1106 3026 1130 3058 ,
1160 2977 1234 3049 &
1260 2975 1379 3047 res
1415 2974 1727 3049 iratione

225 3072 506 3149 crebraz
537 3096 768 3174 neque
813 3069 998 3148 enim
1027 3071 1255 3173 potest
1279 3097 1318 3148 e
1374 3098 1415 3149 e
1464 3071 1725 3168 longus
