2250 3761
383 115 389 122 ’
456 129 589 222 176
717 124 922 211 Lm,
1008 122 1157 197 IX.
1225 123 1475 197 cm.
1549 123 1690 198 IV.

438 244 569 316 bus
616 241 930 342 partibus
960 240 1320 339 insurgunt
1350 296 1372 331 ‚
1426 245 1506 316 &
1538 242 1580 314 a
1626 243 1976 325 brevibus

437 343 509 414 in
537 342 784 439 longas
811 341 1128 412 nituntur
1149 343 1227 412 &
1259 339 1602 413 crescunt.
1644 343 1976 444 Ideoque

435 439 770 516 meliores
800 437 1108 512 Choreis
1135 495 1151 520 ,
1193 437 1314 535 qui
1358 442 1398 509 a
1432 437 1659 538 longis
1688 439 1758 515 in
1801 445 1977 518 bre..

437 562 566 610 ves
596 538 877 611 cadunt.
920 535 1324 627 Summiffa‚
1362 536 1598 634 qualia
1633 537 1974 639 inepilo-

434 636 541 734 gis
566 690 588 726 ‚
628 635 854 726 lentas
876 634 1120 734 &ipsa
1144 638 1222 710 &
1246 634 1469 708 minus
1494 636 1974 718 exclamantes

438 733 782 831 exigunt..
809 788 827 807 .
890 776 897 779 ι

514 832 847 930 Denique
908 847 990 904 ut
1044 830 1261 906 semel
1314 830 1551 905 finiam
1589 882 1614 926 ,
1676 835 1766 912 fic
1812 836 1974 912 fere

400 960 403 965 ·
440 930 1008 1027 componendum
1035 985 1061 1023 ‚
1104 954 1251 1029 quo
1270 932 1489 1005 modo
1513 937 1972 1044 psonuntian-

440 1022 609 1101 dum
636 1027 788 1102 erit.
837 1032 944 1102 An
971 1052 1117 1100 non
1140 1029 1211 1101 in
1245 1031 1616 1126 prooemiis
1654 1033 1972 1130 plerum-

420 1152 580 1223 ‹que
611 1126 928 1199 summiffi
975 1127 1158 1223 (nifi
1206 1129 1364 1201 ciim
1404 1129 1478 1202 in
1520 1131 1968 1207 accusatione

98 2289 127 2324 ³*
144 2291 200 2336 In
212 2282 413 2339 actione-

75 2359 129 2430 132
141 2355 424 2414 pronuntia-

69 2431 218 2466 none·

442 1224 898 1298 concitandus
931 1225 1030 1309 est
1056 1224 1268 1318 judex
1292 1281 1314 1317 ‚
1364 1245 1484 1301 aut
1513 1227 1741 1327 aliqua
1781 1229 1970 1302 indi·-

440 1323 777 1421 gnatione
816 1325 1324 1425 complendus)
1361 1381 1383 1417 ‚
1440 1327 1514 1400 in
1561 1327 1972 1401 narratione

439 1422 631 1518 pleni
655 1440 868 1522 atque
893 1424 1184 1521 expreffi
1201 1479 1223 1515 ‚
1256 1425 1328 1495 in
1351 1425 1772 1523 argumentis
1795 1424 1972 1498 cita-

440 1520 544 1609 ti,
596 1538 808 1620 atque
842 1520 993 1618 ipso
1037 1523 1254 1595 etiam
1296 1541 1497 1595 motu
1534 1524 1801 1597 celeres
1845 1522 1968 1595 su·-

440 1641 594 1689 mus
622 1622 649 1694 ?
692 1638 770 1691 ut
801 1618 874 1691 in
899 1619 1078 1692 locis
1112 1644 1196 1691 ac
1228 1618 1816 1714 descriptionibus
1838 1619 1971 1694 fusi

445 1740 529 1790 ac
566 1716 904 1805 fluenteS,⁴
937 1718 1006 1787 in
1049 1714 1341 1812 epilogis
1379 1716 1798 1827 plerumque
1839 1718 1973 1793 de-

442 1811 600 1905 jetti
629 1813 707 1886 &
737 1810 1004 1884 infracti
1035 1813 1063 1886 i
1101 1810 1318 1911 Atqui
1352 1831 1381 1860 α
1425 1835 1743 1910 corporis
1775 1838 1971 1914 quo»

442 1936 581 2007 que
608 1908 832 1982 motui
852 1908 972 1983 sua
995 1910 1316 2009 quaedam
1339 1925 1662 2009 tempora
1697 1938 1721 1999 3
1762 1916 1842 1989 &
1872 1915 1968 1989 ad

438 2008 619 2105 figna
677 2008 936 2106 pedum
976 2065 1000 2101 ,
1058 2035 1204 2081 non
1268 2010 1491 2081 minus
1549 2008 1901 2083 saltationi
1929 2025 1973 2105 -,Δ

440 2108 653 2203 quam
704 2106 1302 2181 modulationibus
1363 2107 1647 2188 adhibet
1708 2111 1968 2184 musica

441 2203 1024 2280 rationumeros.
1083 2205 1279 2298 Quid
1325 2208 1356 2280 ἓ
1408 2231 1553 2278 non
1600 2230 1751 2280 vox
1785 2207 1875 2279 ad
1927 2214 1967 2293 ἓ·

442 2305 631 2377 acius
657 2305 1237 2378 accommodatur
1263 2321 1525 2376 naturae
1550 2303 1844 2402 ipsarum
1867 2306 1966 2379 de

420 2402 697 2516 quibus
741 2402 1037 2476 dicimus
1072 2427 1304 2476 rerum
1344 2404 1374 2477 i
1433 2426 1579 2501 quo
1622 2401 1847 2475 minus
1873 2401 1966 2476 ‘id

420 2526 695 2575 mirum
736 2501 809 2573 in
855 2501 1158 2599 pedibus.
1190 2500 1531 2574 orationis
1556 2554 1581 2592 ‚
1626 2502 1786 2572 cum
1830 2500 1966 2575 de-

442 2602 658 2675 beant
676 2599 992 2675 sublimia
1006 2599 1273 2700 ingredi
1292 2656 1316 2693 ,
1344 2599 1528 2676 lenia
1549 2598 1750 2693 duci,
1774 2598 1967 2677 acria

418 2823 421 2828 ·
507 2809 542 2844 a
582 2798 746 2843 Motus
797 2795 1010 2861 corporis
1065 2810 1176 2844 eon-
1229 2796 1410 2845 tellexit
1505 2795 1683 2861 pedum
1766 2809 1966 2848 motum

439 2860 530 2909 ssat
561 2859 996 2909 variis'numetis:
1034 2858 1177 2906 salta·
1229 2862 1539 2911 numerosum
1576 2863 1630 2909 in
1669 2858 1958 2916 saltatione.

386 2955 387 2959 =
440 2928 514 2973 tio
558 2939 772 2989 quoque·
830 2930 996 2977 Parem
1031 2925 1179 2985 igitur
1228 2940 1310 2975 aut
1367 2927 1542 2990 pedum
1599 2923 1915 2990 percuffiones
1941 2962 1963 2989 ‚

440 2989 721 3038 varietatem
811 2991 862 3037 in
959 2991 1179 3037 oratione
1265 2993 1403 3041 uibus
1444 2993 1676 3042 metimur
1720 3003 1971 3055 tempora.

440 3054 623 3103 servate
707 3052 960 3102 debemus.
1056 3051 1177 3100 Cum
1230 3006 1278 3104 ᾖ

430 3114 568 3184 figna
586 3118 763 3184 pedum
792 3114 919 3171 dixit
939 3151 962 3179 ‚
992 3129 1075 3169 aut
1103 3120 1179 3168 iu-

1274 3072 1383 3106 urn-
