2250 3761
551 159 690 239 m:
758 160 1448 238 ΙΜίτΑτῐοΝει
1644 189 1781 266 223

266 285 459 359 certe
495 284 743 357 scimus
789 281 1128 357 inveniffe
1158 305 1299 356 ‘eos
1348 280 1471 380 qui
1502 284 1791 381 quaefie-

267 386 483 457 runt?
524 386 610 454 Et
650 383 809 454 cum
864 380 964 453 illi
1003 435 1027 471 ‚
1068 380 1190 479 qui
1241 381 1509 453 nullum
1557 381 1798 474 cujus·

274 504 484 576 quam
527 480 630 552 rei
656 480 1047 552 habuerunt
1085 478 1488 577 magistrum
1512 533 1534 568 ,
1568 478 1799 576 pluri-

272 579 482 650 main
528 577 844 675 posteros
873 576 1286 650 tradiderint
1317 631 1340 666 ,
1389 576 1595 648 nobis
1634 577 1801 650 usus

273 672 546 749 illarum
605 699 843 748 rerum
893 676 982 747 ad
1020 674 1368 747 eruendas
1434 674 1602 748 alias
1644 698 1799 748 nort

269 774 622 870 proderit:
651 773 765 846 sed
793 772 963 846 nihil
980 772 1404 844 babebimus
1430 771 1551 843 nifi
1578 772 1794 847 bene-

275 871 418 943 ficii
450 870 664 958 alieni
686 874 715 946 Ρ
749 870 1373 964 Quemadmodum
1394 869 1677 968 quidam
1694 872 1803 970 pi-

269 969 576 1043 floresin·
593 970 659 1040 id
681 969 903 1041 solum
922 969 1200 1042 student
1223 1024 1245 1060 ,
1281 987 1361 1041 ut
1390 968 1792 1046 describere

267 1066 537 1139 tabulas
584 1066 917 1140 mensuris
952 1094 1036 1141 ac
1066 1066 1273 1140 lineis
1296 1066 1536 1142 stiant.

351 1166 625 1236 TURPE
684 1163 895 1236 etiam
943 1165 1116 1235 illud
1164 1164 1262 1234 est
1295 1219 1318 1254 ,
1371 1178 1794 1236 contentum

266 1261 408 1331 effe
465 1261 540 1330 id
586 1260 970 1354 consequi,
1010 1261 1206 1355 quod
1243 1260 1558 1334 imiteris,
1600 1261 1797 1332 Nam·

269 1355 529 1442 rursm,
553 1354 722 1452 quid
753 1371 905 1426 erat
926 1354 1239 1426 futurum
1261 1410 1283 1443 ‚
1316 1355 1365 1424 si
1390 1379 1601 1427 nemo
1635 1356 1797 1451 plus

272 1451 602 1523 effeciss'et
644 1475 742 1523 eo
787 1473 998 1547 quem
1042 1451 1528 1548 sequebatur?
1593 1452 1797 1523 Nihil

271 1550 346 1620 in
380 1549 606 1645 poetis
660 1548 864 1644 supra
910 1548 1187 1622 Livium
1236 1547 1713 1622 Andronicum
1750 1571 1798 1641 ',

271 1646 445 1719 nihil
495 1646 565 1718 in
617 1646 920 1719 historiis
956 1645 1157 1744 stipi-a
1200 1647 1619 1719 Pontificum
1648 1667 1797 1720 -ani-

271 1744 466 1817 'males
512 1744 932 1817 haberemus
961 1772 981 1815 ι
1012 1745 1285 1820 natibus
1320 1746 1544 1819 adhuc
1570 1748 1795 1820 navi'-

272 1866 593 1940 garemus
625 1871 641 1916 ε
684 1868 834 1915 non
855 1842 1022 1916 effet-
1046 1843 1309 1942 pistura
1335 1899 1359 1936 ‚
1379 1844 1500 1916 nifi
1532 1843 1795 1943 quae-li-

261 1965 433 2014 neas
472 1941 687 2014 modo
713 1960 1059 2014 extremas
1100 1944 1362 2017 umbrae
1394 1969 1611 2041 quam
1629 1963 1791 2017 cof·

260 2062 438 2137 pora
472 2038 544 2110 in
580 2038 727 2112 sole
770 2038 1086 2114 feeiffent-
1105 2091 1131 2125 ,
1159 2041 1791 2117 circum-scriberetz

260 2139 365 2209 Ac
415 2136 463 2209 fi
520 2137 754 2209 omnia
805 2138 1215 2235 percenseas
1245 2194 1271 2230 ,
1322 2140 1508 2212 nulla
1550 2141 1628 2213 fit
1667 2166 1781 2214 ars

161 2248 166 2255 '
256 2236 480 2329 qualis
537 2235 823 2308 inventa
878 2237 975 2309 est
1008 2291 1031 2327 ‚
1078 2262 1210 2311 nec
1262 2239 1441 2309 intra
1501 2238 1793 2310 initium-

271 2331 459 2405 stetit
491 2361 513 2406 τ
542 2332 664 2405 nifi
697 2334 879 2406 forte
900 2333 1133 2406 nostra
1164 2334 1584 2429 potiffimum
1613 2353 1787 2407 tem-

263 2453 442 2523 pora
484 2430 891 2504 damnamus
926 2429 1132 2523 hujus
1169 2430 1597 2503 infelicitatis
1636 2485 1659 2521 ‚
1699 2447 1785 2503 ut

261 2549 449 2596 nunc
478 2526 757 2603 demum
792 2530 961 2600 nihil
1013 2528 1311 2600 crescat..
1362 2528 1556 2599 Nihil
1593 2528 1792 2601 enim
1826 2560 1831 2569 =

267 2621 516 2695 crescit
546 2623 693 2696 sola
725 2627 1139 2700 imitatione.
1189 2625 1409 2718 Quod
1439 2625 1485 2697 fi
1527 2626 1795 2724 priori-

266 2719 398 2791 bus
431 2717 862 2810 adjicere‘fas
889 2732 1032 2798 non
1059 2724 1158 2801 est
1187 2779 1209 2814 ,
1242 2726 1609 2823 quomodo
1636 2726 1783 2824 spe-

262 2841 422 2890 rare
471 2818 834 2913 poffumus
873 2824 1092 2897 ullum
1139 2842 1499 2895 oratorem
1550 2826 1781 2922 perfe-

262 2917 445 2989 &um
478 2917 506 2989 ἓ
547 2915 797 2988 cumin
820 2918 924 2990 his
962 2945 1139 3016 quos
1176 2921 1516 2994 maximos
1548 2923 1789 2996 adhuc

262 3013 597 3086 novimus
621 3069 643 3106 ,
670 3037 881 3086 nemo
903 3015 981 3087 fit
1002 3017 1324 3092 inventus
1347 3075 1379 3109 „
1406 3021 1472 3090 in
1501 3042 1646 3116 quo
1671 3020 1779 3089 ni·

263 3108 372 3184 hil
386 3135 507 3185 aut
534 3111 962 3190 defideretur.
974 3169 1014 3210 „
1030 3134 1151 3190 aut
1181 3115 1785 3217 reprehendatur.

1299 3215 1370 3286 K
1403 3213 1481 3291 iv
