2250 3761
394 163 565 242 Dte.
621 156 1004 236 Pensm
1032 181 1205 237 cvr
1233 182 1522 241 rArz.
1621 190 1715 254 41

176 294 545 388 quantum
577 285 669 355 ad
715 280 896 354 alios
937 280 1331 379 pertineat,
1383 282 1552 355 nihil
1586 309 1726 381 pu.-

180 400 380 474 tant.
410 386 501 454 At
540 404 677 480 ego
706 414 736 445 a
776 379 1077 451 otiosum
1108 379 1502 453 sermonem
1533 382 1729 455 dixe-

183 482 330 555 rim
349 538 367 564 ‚
400 503 619 578 quem
656 475 941 550 auditor
965 476 1092 549 suo
1125 477 1408 576 ingenio
1439 504 1580 553 non
1609 479 1722 552 in-

185 570 470 676 telligit.
518 629 538 645 .
587 573 901 649 Pervafit
934 574 1400 683 quidem-jam
1457 578 1721 651 multos
1797 592 1814 671 ξ

192 675 321 755 ista
341 673 697 773 persuasio
720 672 934 759 ,utid
966 697 1119 765 jam?
1139 673 1421 746 demum
1450 674 1722 773 elegan·
1809 676 1814 729 ἓ

187 793 303 853 ter
319 792 542 870 atque
561 769 898 870 exquisite
928 770 1185 843 dietum
1203 788 1450 868 putent
1471 826 1495 862 ,
1525 768 1720 870 quod
1808 734 1831 917 ξ

193 871 810 967 interpretandum
881 866 982 944 fit.
1087 871 1225 941 Sed
1288 869 1724 943 auditoribus
1777 880 1782 905 ²

190 968 419 1043 etiam
460 965 824 1051 nonnullis
860 981 1057 1063 grata
1108 965 1263 1057 sunt
1305 967 1450 1043 haec
1481 1022 1507 1059 ‚
1559 993 1719 1066 quae
1843 1002 1864 1027 x

191 1068 365 1139 cum
412 1063 884 1137 intellexerint
914 1116 938 1154 ‚
979 1061 1297 1159 acumine
1343 1064 1469 1137 suo
1525 1065 1720 1153 dele-

194 1165 473 1253 {tantur
492 1213 521 1248 ,
546 1166 628 1237 &
666 1162 973 1259 gaudent
1010 1186 1158 1233 non
1200 1162 1391 1259 quasi
1422 1162 1719 1241 audive-

197 1259 343 1351 rint
365 1315 390 1351 ‚
424 1258 545 1331 sed
576 1256 769 1357 quasi
796 1256 1217 1330 invenerint.
1585 1334 1589 1339 ,
1747 1278 1750 1279 ’

240 1436 245 1441 ,
278 1356 515 1432 Nobis
564 1355 783 1454 prima
826 1354 905 1427 fit
944 1354 1172 1429 virtus
1215 1355 1666 1451 perspicuitas
1688 1410 1715 1446 ,

197 1453 506 1554 propria
518 1453 733 1526 verba
754 1509 778 1546 ,
798 1453 1021 1526 restus
1049 1452 1234 1522 ordo
1255 1506 1281 1542 ‚
1304 1476 1448 1524 non
1477 1453 1548 1524 in
1568 1452 1734 1543 lon-r

193 1576 371 1652 gum
396 1550 606 1623 dilata
625 1551 1010 1626 conclusio:
1041 1548 1213 1620 nihil
1242 1575 1473 1649 neque
1498 1549 1665 1623 defit
1685 1604 1724 1642 ,.

196 1673 442 1748 neque
488 1647 887 1747 superfluat.
920 1646 1055 1719 'lta
1089 1645 1317 1720 sermo
1365 1648 1444 1720 &
1494 1648 1713 1720 doffis

250 1746 583 1819 robabilis
625 1801 651 1837 ‚
720 1747 800 1819 δι
862 1745 1109 1842 planus
1167 1744 1504 1845 imperitis
1557 1747 1714 1821 erit.

273 1870 374 1918 aec
400 1844 499 1917 est
524 1843 910 1943 eloquendi
936 1843 1359 1922 observatio.
1395 1846 1580 1917 Nam
1607 1870 1715 1919 re-

196 1968 365 2017 rum
444 1939 837 2038 erspicuitas
880 1964 1027 2040 quo
1068 1941 1285 2016 modo
1334 1944 1714 2040 praestanda

198 2040 331 2134 fir',
437 2038 453 2052 '
507 2038 522 2054 '
595 2065 677 2113 us
733 2040 809 2112 in
854 2040 1218 2137 praeceptis
1265 2041 1709 2116 narrationis.
1782 2066 1918 2121 Tm.
1959 2085 2053 2137 up
2079 2079 2099 2114 ·.

198 2137 452 2212 Similis
518 2155 760 2210 autem
828 2136 1014 2216 ratio
1066 2137 1167 2211 est
1231 2139 1306 2210 in
1353 2141 1708 2218 omnibus.
1737 2143 1854 2202 ²⁴⁶·

198 2238 381 2310 Nam
405 2292 428 2329 ‚
455 2236 505 2307 fi
528 2261 760 2335 neque
779 2236 1113 2333 pauciora
1144 2237 1353 2335 quam
1378 2258 1664 2337 oportet
1683 2294 1710 2333 ,

198 2357 434 2433 neque
460 2335 660 2431 plura
689 2386 715 2419 ,
761 2357 991 2431 neque
1019 2333 1410 2409 inordinata
1444 2356 1564 2418 aut
1605 2339 1714 2409 in-

200 2432 511 2505 distincta
549 2431 925 2504 dixerimus
950 2485 972 2522 ‚
1017 2449 1219 2504 erunt
1246 2433 1589 2524 dilucida,
1630 2434 1716 2505 δε

202 2528 639 2626 negligenter
687 2554 974 2627 quoque
1017 2528 1455 2615 audientibus
1513 2553 1712 2626 aper-

204 2642 334 2699 ta:
369 2623 536 2724 quia
569 2624 637 2695 id
667 2625 882 2724 ipsum
907 2629 977 2699 in
1019 2623 1300 2722 consilio
1333 2625 1429 2699 est
1450 2626 1716 2710 haben-

201 2724 377 2796 dum
397 2776 420 2813 ‚
447 2747 592 2795 non
608 2723 871 2824 semper
893 2727 1037 2798 tam
1061 2723 1200 2798 effe
1220 2750 1449 2799 acrem
1470 2724 1713 2820 judicis
1793 2812 1799 2818 ‚

201 2819 671 2895 intentionem
698 2878 719 2905 ‚
767 2841 847 2896 ut
892 2822 1389 2898 obscuritatem
1422 2826 1609 2924 apud
1641 2827 1720 2901 se

209 2919 232 2990 i
282 2920 348 2992 se
378 2919 744 3011 discutiat,
786 2923 865 2992 &
904 2921 1214 2994 tenebris
1248 2923 1588 2996 orationis
1615 2925 1720 2995 in-

203 2945 379 3092 {grat
397 3019 763 3117 quoddam
784 3019 1253 3118 intelligentiae
1277 3019 1410 3093 suae
1435 3020 1667 3092 lumen
1689 3071 1717 3111 ,

265 3180 300 3216 a
317 3169 510 3219 vanum
521 3197 543 3229 ,
559 3167 689 3219 nihil
715 3165 1056 3235 fignificanoem
1075 3199 1095 3224 ,
1116 3166 1229 3221 cuim
1249 3184 1352 3224 non
1381 3163 1516 3219 intell
1526 3167 1697 3230 igatut·
