2250 3761
461 142 601 215 Dr.
679 139 1442 214 Com-tarmus.
1602 159 1735 239 253

239 283 368 335 cus
394 287 412 332 ε
454 261 610 331 cimt
642 257 815 355 saep‘e
839 256 1051 332 etiam
1072 258 1333 356 scriptis
1354 285 1439 332 ea
1467 283 1622 358 quae
1645 260 1750 332 su-

248 356 409 430 bite>
448 355 603 428 nata
622 358 813 447 sunt,
854 356 1261 430 inserantur.
1301 357 1613 455 ldeoqtle
1634 375 1751 436 to-

250 472 402 528 tum
452 454 586 526 hoc
613 452 1128 530 exercitationis
1173 479 1387 553 genus
1418 454 1515 526 ita
1560 454 1751 526 insti-

250 551 581 622 tuendum
603 550 700 623 est
719 607 748 639 ‚
771 560 858 622 ut'
877 551 953 622 &
974 551 1244 649 digredi
1275 579 1362 626 ex
1389 576 1479 624 eo
1500 606 1523 641 ‚
1553 554 1630 625 &
1654 576 1756 625 re·

252 646 397 720 dire
438 648 511 718 in
558 647 631 717 id
660 646 865 719 facile
893 650 1244 744 poffimus.
1295 650 1478 720 Nam
1503 664 1582 720 ut
1612 648 1756 745 pri-

251 750 441 816 mitm
473 743 570 814 est
600 744 814 816 domo
847 745 1091 819 afferre
1132 763 1447 843 paratam
1480 743 1756 817 dicendi

255 841 522 937 copiam
542 896 564 932 ‚
595 846 672 917 &
703 859 969 924 certam
994 869 1011 915 z
1039 842 1139 915 ita
1164 842 1468 916 refutare
1493 859 1760 940 tempo-

253 935 348 1010 ris
433 953 720 1011 munera
751 991 768 1023 ,
845 939 1049 1038 longe.
1120 939 1567 1013 stultiffimum
1634 939 1755 1015 est'.

159 1090 165 1096 .
253 1037 498 1127 Quare
536 1037 876 1133 cogitatio
905 1036 1136 1112 inhoc
1173 1056 1640 1136 praeparetur‚
1680 1054 1763 1108 ut

251 1158 384 1206 nos
406 1134 690 1205 fortuna
705 1132 1026 1228 decipere
1047 1158 1191 1205 non
1213 1138 1414 1232 poffit
1434 1189 1459 1224 ,
1483 1134 1763 1227 adjuva-

250 1253 331 1302 re
368 1229 597 1325 poflit.
1204 1259 1211 1266 ·

203 1395 210 1402 ,
360 1326 438 1396 Id
465 1340 698 1397 autem
720 1322 844 1394 fiet
864 1322 1219 1397 memoriae
1240 1323 1500 1399 viribus
1520 1382 1544 1418 ‚
1568 1343 1645 1400 ut
1686 1351 1772 1402 ea

261 1435 424 1521 'quae
449 1420 798 1518 complexi
832 1422 1064 1494 animo
1109 1420 1379 1515 sumus3
1419 1425 1635 1497 fluant
1667 1424 1776 1498 se-

261 1545 480 1613 cura,
526 1543 618 1592 ne
653 1518 959 1593 solicitos
984 1576 1007 1613 ‚
1045 1524 1122 1595 &
1164 1520 1603 1619 respicientes
1626 1574 1653 1609 ‚
1690 1524 1774 1599 δε

261 1643 399 1691 nna
450 1617 566 1716 spe
620 1616 968 1715 suspensos
1022 1620 1574 1711 recordationis,
1628 1643 1774 1691 non

257 1715 478 1790 finant
499 1716 914 1814 providere:
960 1716 1224 1816 alioqui
1263 1719 1381 1792 vel
1412 1735 1775 1815 extempo-

261 1815 486 1889 ralem
525 1814 989 1890 temeritatem
1044 1816 1235 1888 malo
1260 1871 1283 1908 ,
1335 1818 1542 1914 quam
1586 1813 1771 1896 male

267 1914 733 1987 cohaerentem
769 1913 1285 2011 cogitationem.
1340 1914 1540 2011 Pejus
1585 1914 1770 1991 enim

317 2010 601 2085 uaeritur
642 2002 982 2083 retrorsus
1014 2039 1032 2084 ε
1074 2013 1237 2110 quia
1273 2013 1428 2086 ciun
1457 2013 1569 2084 illa
1601 2009 1769 2085 defi*

262 2038 588 2183 geramus
604 2165 629 2201 ‚
656 2109 743 2181 ab
768 2107 1323 2184 aliisavertimur
1348 2138 1373 2199 3
1404 2112 1487 2199 ὃς
1512 2136 1595 2183 ex
1626 2134 1772 2181 rne-

265 2207 494 2295 moria
526 2207 757 2304 potitis
783 2231 892 2280 res
923 2207 1224 2305 petimus
1252 2263 1276 2300 ‚
1355 2210 1511 2279 uam
1533 2233 1616 2278 ex
1635 2229 1775 2274 ma·

264 2306 471 2378 teria.
533 2306 735 2377 Plura
772 2303 927 2377 sunt
982 2323 1215 2377 autem
1236 2359 1259 2396 ‚
1322 2331 1346 2374 1
1400 2320 1773 2396 utrumque

272 2402 719 2496 quaerendum
748 2400 842 2474 est
863 2452 885 2492 ‚
929 2426 1083 2499 quae
1120 2398 1422 2478 inveniri
1457 2397 1730 2496 possunt
1751 2445 1783 2485 ,

273 2495 492 2593 ‘quam
520 2520 671 2596 quae
699 2498 986 2575 inventa
1014 2497 1195 2572 sunt.

897 2737 1182 3055 Q

707 2694 748 2731 ξι.
