2250 3761
350 151 952 226 Decem-:RE
1010 154 1469 222 m‘ceNm.
1572 171 1709 248 425

201 270 426 348 modo
467 271 546 343 ὃ(
580 266 843 363 judicio
890 267 1030 341 effe
1077 265 1326 338 fimiles
1356 287 1432 347 εχ,
1460 266 1721 341 verbo-

203 393 369 441 rum
413 367 632 467 gratia
659 417 685 454 ‚
727 390 938 465 quam
985 365 1057 437 in
1107 363 1260 462 ipfis
1299 376 1444 436 n'on
1506 364 1722 438 habe·

206 489 364 548 mus
385 519 409 556 ‚
442 463 869 539 extrinsecus
892 461 1279 539 condienda
1296 459 1415 535 est.
1445 463 1551 532 An
1574 461 1721 535 nori

203 562 282 637 in
305 559 601 660 privatis
628 566 707 638 &
742 579 984 636 acutus
1007 615 1031 653 ‚
1069 563 1149 635 δι
1174 583 1316 631 non
1347 558 1580 656 asper,
1635 559 1717 631 &

203 683 353 738 non
405 658 824 736 indistinctus
843 711 869 752 ,
901 661 980 733 &
1007 682 1155 731 non
1190 657 1400 753 'supra
1431 658 1719 729 modum

205 759 440 832 elatus
473 759 573 831 M.
595 755 864 832 Tunius
895 756 924 832 ἓ
971 780 1118 829 non
1151 753 1228 827 in
1252 756 1355 828 M.
1406 752 1717 828 Callidio

202 852 481 953 infignis
502 856 648 934 haec
667 855 890 930 virtus
911 865 940 929 ?
982 878 1129 927 non
1153 851 1388 951 Scipio
1403 903 1427 942 ‚
1446 852 1721 942 Laelius,

214 955 403 1028 Cato
420 1005 446 1046 ,
476 950 546 1025 in
579 951 980 1052 eloquendo
1008 950 1207 1028 velut
1228 949 1443 1024 Attici
1471 950 1728 1022 Romn-

201 1072 466 1124 norum
513 1048 849 1123 fuerunt?
902 1048 1041 1122 Cui
1144 1069 1313 1121 erro
1365 1068 1512 1119 non
1559 1045 1720 1120 satis

211 1144 312 1222 'est
337 1195 361 1235 ,
448 1165 548 1216 uo
579 1143 827 1218 melius
858 1141 994 1216 effe
1022 1144 1095 1215 ni
1148 1143 1199 1213 ‘1
1226 1141 1504 1239 potest?

218 1281 224 1286 ·
302 1241 385 1313 11
442 1289 462 1314 .
506 1239 644 1315 AD
690 1237 901 1313 Hoc
941 1236 1227 1338 quidam
1273 1236 1532 1310 nullam
1585 1234 1727 1311 effe

211 1334 605 1413 naturalem
622 1352 870 1435 putant
897 1332 1375 1435 eloquentiam
1392 1385 1416 1425 ,
1435 1332 1557 1407 nifi
1572 1357 1729 1432 quae

209 1433 291 1509 fit
346 1432 766 1532 quotidiano
800 1431 1104 1507 sermoni
1154 1430 1531 1523 simillima,
1576 1451 1728 1528 quo

210 1555 378 1606 cum
405 1528 641 1606 amicis
663 1582 686 1622 ,
706 1528 1117 1644 conjugibus
1138 1583 1161 1623 ,
1191 1528 1430 1603 liberis
1451 1580 1475 1618 ‚
1504 1524 1724 1603 servis

210 1625 572 1728 loquimur
592 1680 616 1720 ,
646 1645 958 1702 contenn
986 1650 1316 1726 promere
1343 1620 1555 1700 animi
1599 1647 1728 1699 vo·

209 1726 595 1817 mutarem,
637 1724 954 1825 nihilque
998 1724 1310 1799 accerfiti
1358 1724 1437 1797 &
1485 1719 1728 1796 elabo-

209 1823 345 1899 rati
395 1824 831 1924 requirentes
867 1850 888 1896 ε
950 1819 1288 1923 quicquid
1317 1822 1454 1896 huc
1486 1818 1567 1894 fit
1601 1819 1729 1893 ad-

217 1921 474 2017 jeaum
496 1976 520 2012 ‚
567 1921 640 1995 id
674 1922 811 1996 effe
850 1920 1303 1995 affestationis
1326 1973 1348 2010 ,
1383 1923 1463 1995 δε
1498 1917 1729 1992 ambi-

218 2011 410 2091 tiosae
449 2019 521 2091 in
550 2018 909 2119 loquendo
954 2018 1334 2113 ja&antiae‚
1369 2034 1728 2092 remotum

210 2115 252 2189 a
314 2117 616 2192 veritate
640 2117 1088 2217 ,-fiffl1mque
1145 2117 1449 2216 ipsorum
1501 2115 1725 2214 gratia

211 2215 593 2290 verborum
616 2269 643 2308 ,
700 2215 954 2311 quibus
999 2213 1224 2286 solum
1255 2214 1298 2286 ὲ
1338 2230 1588 2286 natura
1637 2214 1721 2286 fit

209 2313 526 2383 officium
566 2311 1021 2398 attributum,
1054 2309 1319 2383 servire
1371 2308 1667 2380 senfibns
1700 2333 1722 2381 ε

217 2407 388 2479 ficut
415 2404 834 2478 athletarum
865 2422 1168 2500 corpora
1193 2457 1218 2494 ,
1256 2402 1516 2476 etiamfi
1543 2402 1731 2475 vali-—

216 2502 427 2581 diora
466 2500 636 2573 fiant
677 2500 1217 2590 exercitatione,
1265 2498 1529 2597 &lege
1559 2523 1731 2596 qua-

217 2601 382 2674 dam
426 2598 740 2672 ciborum
761 2652 785 2688 ‚
830 2623 975 2674 non
1004 2615 1241 2670 tamen
1283 2596 1420 2671 effe
1453 2612 1728 2670 natura·

215 2698 311 2771 lia
333 2751 357 2787 ‚
408 2713 620 2795 atque
653 2696 743 2770 ab
767 2697 887 2771 ina
916 2695 1147 2794 specie
1172 2719 1330 2794 quae
1343 2693 1423 2767 fit
1441 2692 1726 2768 concef-

213 2795 287 2871 sa
319 2793 717 2888 hominibus
743 2849 770 2889 ‚
809 2795 1210 2872 abhorrere.
1256 2793 1456 2891 Quid
1482 2792 1723 2890 enim,

256 2974 286 3009 a
309 2956 365 3010 V
356 2955 574 3008 ethorum
648 2955 755 3006 αεὶα
770 2989 788 3012 ,
807 2972 945 3024 quam
995 2954 1251 3012 habemus)
1287 2956 1394 3009 aliis
1427 2928 1724 3008 omamentia

219 3023 274 3074 ιἰι
305 3021 412 3090 ipfis
445 3022 576 3074 scilic
604 3038 624 3073 t
666 3022 821 3102 vespis
850 3038 947 3079 aon
997 3021 1284 3089 extrinsecus
1317 3025 1475 3086 petitis
1494 3020 1722 3072 condier!

223 3087 482 3211 sszziaerfizzs:
495 3085 949 3218 ἑῖῗηὲξέῑῇὲεεὲἒὲ
999 3087 1142 3185 duest
1159 3093 1210 3142 ὃς
1224 3084 1598 3155 compensanda.

823 3296 831 3345 ί
