2250 3761
517 175 656 255 Dr.-
692 189 938 252 copu
985 139 1504 252 venzonum.
1643 201 1792 275 207

364 296 629 372 Caeteri
657 319 902 371 omnes
934 294 1143 393 longe
1169 294 1568 394 sequentur.
1604 296 1792 370 Nam

269 396 521 469 Macer
572 395 650 467 δε
691 393 1056 468 Lucretius
1106 394 1382 493 legendi
1437 393 1725 492 quidem
1760 448 1787 486 ‚

266 493 391 568 sed
436 519 583 566 non
618 510 699 565 ut
736 492 1003 592 phrafin
1028 545 1052 585 ,
1098 492 1173 563 id
1213 491 1311 566 est
1349 515 1474 564 cor
1524 514 1602 563 us
1641 492 1793 565 elo·

183 594 202 604 ’
265 592 574 692 quentiae
613 590 871 664 faciant
902 618 919 663 ε
966 589 1320 689 elegantes
1352 589 1425 660 in
1451 518 1571 662 (ga
1608 588 1795 687 quis-

372 715 411 762 e
441 689 736 763 materia
765 743 788 780 ,
833 688 950 763 sed
1003 688 1182 761 alter
1226 686 1509 761 humilis
1535 742 1558 777 ‚
1610 686 1793 760 alter

321 787 591 861 meilis.
649 787 1016 861 Attacinus
1060 829 1089 859 ,ι
1134 790 1369 858 Varro
1409 785 1483 856 in
1529 785 1616 857 iis
1659 809 1789 883 per

272 905 430 998 quae
450 909 708 959 nomen
729 885 829 957 est
849 884 1191 957 affecutus
1205 938 1229 974 ‚
1258 882 1599 979 interpres
1626 907 1794 980 ope·

271 1007 369 1055 ns
394 982 603 1056 alieni
621 1038 646 1076 ,
684 1008 828 1055 non
862 980 1284 1080 spernendus
1307 979 1589 1079 quidem
1610 1036 1633 1071 ‚
1661 1006 1795 1054 ve-

271 1082 428 1153 rhrn
472 1081 992 1181 adaugendam
1048 1077 1460 1153 facultatem
1510 1078 1791 1166 dicendi

270 1199 527 1276 parum
573 1180 910 1276 locuples,
975 1177 1280 1250 Ennium
1325 1176 1499 1249 ficut
1553 1176 1791 1250 sacros

273 1273 620 1351 vetustate
676 1275 876 1349 lucos
930 1276 1305 1351 adoremus
1336 1331 1359 1366 ,
1411 1275 1487 1346 in
1532 1274 1787 1373 quibus

276 1373 565 1470 grandia
589 1376 667 1448 δε
694 1375 975 1474 antiqua
1002 1376 1261 1448 robora
1291 1374 1433 1468 jam
1465 1394 1607 1446 non
1633 1390 1792 1445 tan-

275 1487 425 1541 tam
456 1472 714 1547 habent
747 1471 1043 1569 speciem
1065 1526 1089 1566 ,
1136 1491 1468 1573 quantam
1499 1470 1793 1571 religio·

282 1589 477 1641 nem.

356 1667 732 1764 propiores
775 1664 931 1756 alii,
972 1683 1183 1765 atque
1240 1667 1327 1739 ad
1372 1667 1550 1739 hunc
1584 1666 1790 1763 phra-

271 1762 369 1837 fin
399 1820 421 1856 ‚
483 1767 570 1839 de
623 1791 761 1864 qua
810 1764 1173 1864 loquimur
1200 1821 1225 1857 ,
1286 1766 1503 1864 magis
1555 1763 1788 1840 utiles.

274 1862 603 1939 Lascivus
653 1863 940 1962 quid-em
993 1865 1066 1936 in
1128 1862 1449 1938 Heroicis
1501 1888 1805 1977 quoque

282 1960 589 2034 Ovidius
624 2015 646 2051 ‚
714 1962 793 2032 &
857 1960 1148 2034 nimiiun
1201 1979 1475 2035 amator
1529 1962 1793 2063 mgenii

275 2057 380 2131 sui
404 2114 426 2149 ‚
464 2059 859 2131 laudandus
881 2059 1212 2133 tamenin
1240 2060 1576 2172 partibus.
1614 2064 1792 2135 Cor-

273 2157 502 2231 nelius
525 2175 763 2231 autem
780 2158 1083 2234 Severus
1107 2212 1134 2251 ,
1166 2158 1427 2232 enamfi
1445 2160 1791 2236 verfifica-

274 2272 393 2329 tor
420 2256 624 2354 quam
644 2255 1175 2354 poetame‘lior,
1202 2254 1253 2327 fi
1280 2272 1515 2329 tamen
1536 2311 1560 2347 ,
1586 2275 1663 2330 ut
1690 2258 1791 2331 est

261 2352 531 2426 ‘distum
549 2406 575 2439 ,
610 2355 697 2426 ad
724 2352 1080 2450 exemplar
1105 2352 1312 2450 primi
1336 2351 1501 2423 libri
1525 2353 1789 2428 bellum

279 2448 592 2522 siculum·
647 2449 1129 2550 perscripfiffet
1159 2495 1183 2542 ⁵
1234 2447 1625 2524 vindicaret
1663 2451 1790 2525 fibi

275 2544 433 2642 jure
481 2546 852 2622 secundum
894 2551 1155 2624 locum.
1215 2547 1351 2622 Sed
1396 2570 1559 2620 eum
1612 2571 1792 2621 con-

278 2642 607 2717 summari
635 2670 822 2721 mors
851 2647 1221 2721 immatura
1252 2669 1394 2718 non
1420 2644 1603 2743 paffa
1627 2645 1724 2721 est
1753 2673 1783 2737 ;

280 2739 581 2840 puerilia
611 2758 850 2819 tamen
883 2745 1030 2841 ejus
1059 2768 1280 2845 opera
1308 2745 1387 2818 &
1415 2745 1787 2819 maximam

275 2912 287 2951 ι
343 2919 378 2953 a
424 2903 686 2955 Attacinus‘
726 2909 881 2955 Vatto
921 2910 1002 2956 vi-
1062 2925 1147 2959 nus
1166 2909 1226 2956 ab
1249 2912 1450 2967 Attace,
1482 2910 1593 2958 vico
1616 2907 1787 2957 Gallia

279 2970 358 3019 xit
395 2980 608 3032 tempore
645 2970 839 3018 ovidii.
891 2974 986 3019 scri
1062 2971 1417 3034 Narbonenfis,
1450 2986 1502 3020 ut
1521 2971 1626 3021 vult
1647 2973 1788 3018 Euse-

281 3031 371 3096 pfit
417 3047 578 3101 antem
625 3031 961 3146 Arffonautica
992 3066 1008 3088 .
1062 3037 1194 3090 bius;
1218 3051 1269 3085 ut
1284 3036 1367 3086 alii
1383 3073 1402 3100 ,
1433 3038 1492 3086 ab
1512 3040 1681 3087 Attace
1700 3031 1787 3084 flu·

284 3109 339 3143 ut
362 3098 585 3160 interpres
604 3102 708 3162 Apo
733 3097 853 3146 lonii
878 3097 1007 3146 Rho·
1061 3102 1160 3154 vio,
1195 3094 1345 3151 Tum·

278 3156 366 3213 dii.
402 3161 680 3228 Appellatus
722 3162 790 3217 est
821 3162 1000 3216 Actaei-
