2250 3761
527 158 670 233 DE
741 157 1369 260 Semntnno.
1550 185 1676 252 241

269 277 515 353 Debet
536 299 789 350 vacare
817 273 1029 348 etiam
1060 275 1262 348 locus
1282 276 1351 347 in
1374 301 1520 374 quo
1559 304 1691 349 no-

190 391 418 450 tentur
445 399 596 473 quae
619 372 1077 445 scribentibus
1099 374 1324 446 solent
1350 395 1547 446 extra
1575 400 1690 445 or-

185 474 416 568 -dinem
443 523 469 558 ,
499 471 569 543 id
590 470 687 545 est
722 495 808 544 ex
833 469 985 542 aliis
1007 525 1028 560 ,
1061 473 1266 568 quam
1289 473 1406 570 qui
1436 472 1584 543 sunt
1616 472 1690 542 in

195 569 497 645 manibus
537 625 561 660 ,
611 569 787 641 locis
844 593 1239 642 occurrere.
1297 572 1691 668 Irrumpunt

195 669 371 743 enim
412 665 660 760 optimi
683 665 1183 763 nonnunquam
1219 666 1485 752 sensuS,
1513 691 1689 764 quos

193 790 413 863 neque
451 763 749 838 inserere
775 767 1112 860 oportet,'
1145 791 1232 837 ne
1291 790 1376 835 ue
1414 765 1691 836 differre

194 881 415 936 tutum
455 860 586 936 est:
618 863 783 960 quia
814 861 1096 933 interim
1144 791 1556 946 elaclauntun
1594 861 1693 932 in-

196 959 392 1033 terim
420 960 774 1031 memoriae
803 958 844 1030 s
837 959 904 1030 ui
928 961 1237 1033 intentos
1260 1016 1283 1051 ,
1308 961 1398 1033 ab
1427 959 1560 1030 alia
1598 959 1699 1029 in-

196 1055 527 1134 ventione
571 1068 598 1101 *
632 1057 677 1128 d
794 1057 1005 1131 'nanu
1068 1058 1380 1157 Idebque
1435 1052 1701 1154 optime
1782 1074 2080 1128 *amman

194 1153 341 1226 sunt
382 1155 455 1225 in
491 1154 676 1250 depo
705 1180 727 1223 1
759 1177 831 1226 0.

572 1344 1056 1415 CAPUT
1178 1347 1338 1415 IV.

423 1503 559 1576 Dn
644 1505 1496 1577 ΕΜΕΝῡΑτιοΝΕ.

203 1721 212 1726 ·
333 1682 859 1775 EQUITUR
894 1682 1346 1775 emendatio,
1382 1708 1541 1782 pars
1582 1683 1719 1757 stu-·

187 1819 192 1824 ·
349 1780 626 1852 diorum
710 1779 917 1877 longe
987 1781 1363 1855 utiliffima.
1459 1782 1712 1882 Neque

207 1878 396 1953 enim
431 1877 569 1950 fine
603 1878 801 1951 causa
830 1878 1172 1952 creditum
1205 1879 1302 1952 est
1326 1935 1349 1972 ‚
1390 1896 1420 1926 ‘²
1462 1876 1714 1980 stylum

209 2000 358 2049 non
390 1975 612 2047 minius
652 1999 856 2072 agere
884 1978 1040 2049 cum
1071 1979 1280 2049 delet.
1328 1977 1550 2072 Hujus
1583 1976 1709 2050 au-

203 2091 353 2146 tem
380 2073 613 2172 operis
638 2075 732 2143 est
758 2073 1101 2166 adjicere,
1130 2075 1489 2148 detrahere
1512 2131 1533 2164 ‚
1570 2101 1712 2148 mu-

207 2187 385 2243 tare.
444 2170 579 2243 Sed
614 2169 881 2244 facilius
927 2171 997 2242 in
1039 2172 1147 2243 his
1211 2170 1751 2270 simpliciusque

210 2267 540 2361 judicium
563 2323 584 2358 ‚
622 2293 775 2366 quae
814 2269 1149 2365 replenda
1166 2268 1292 2342 vel
1330 2267 1724 2360 dejicienda

147 2441 156 2448 ,
211 2365 408 2435 sunt:
448 2390 763 2461 premere
804 2366 982 2439 verb
1026 2363 1360 2437 tumentia
1381 2396 1411 2455 ‚·
1436 2362 1726 2435 humilia

197 2460 561 2533 -extollere
582 2515 604 2548 ‚
621 2462 1042 2534 luxuriantia
1064 2459 1483 2558 adstringere
1503 2513 1535 2549 ‚,
1549 2458 1731 2530 inor-

193 2556 467 2629 ·dinata
542 2557 833 2653 dirigere
866 2615 883 2642 ‚
947 2559 1176 2631 soluta
1228 2579 1653 2655 componere
1699 2610 1723 2648 ,

200 2652 614 2725 ‘exultantia
684 2676 1066 2749 coercere,
1134 2654 1419 2752 duplicis
1469 2678 1722 2751 operae.

206 2749 410 2822 Nam
457 2749 538 2820 δε
585 2748 967 2826 damnanda
1030 2754 1185 2826 sunt
1235 2777 1386 2851 quae
1429 2751 1730 2877 ‘placuer-

301 2958 358 2991 ·α
410 2940 527 3004 styli
568 2957 674 3007 pars
709 2928 859 3016 altera
898 2947 960 2993 est
1004 2950 1225 2997 tianumz
1256 2949 1378 3016 [αρε
1404 2946 1580 3015 stylum
1611 2958 1727 2995 vm-

225 3010 538 3063 acuminata,
567 3006 661 3071 qua
683 3008 961 3064 scribimu83
1007 3025 1119 3066 tas,
1144 3012 1314 3062 iterum
1343 3028 1440 3081 quae
1468 3008 1737 3082 άιὲιμιιζιιὶ,

228 3071 384 3118 altera
406 3070 571 3139 ‹pbtusa
591 3075 639 3119 δε
663 3072 842 3136 latior',
872 3072 962 3135 qua
996 3072 1095 3137 fine
1118 3073 1407 3143 scripturus.
1442 3074 1598 3125 Tum.

227 3133 463 3183 dtlemus.
505 3138 630 3183 Hinc
647 3131 771 3186 illud
802 3142 962 3187 Hora-

338 3200 512 3269 Tom.
547 3200 652 3272 ΙΙ.
1378 3216 1381 3219 ’
1453 3201 1510 3273 L
