2250 3761
454 145 920 223 Dan-rs
995 155 1494 218 mommo:
1615 141 1763 218 281

251 285 431 343 aura
443 262 804 363 popularis
825 264 853 335 ἒ
877 263 1035 334 cum
1065 261 1278 334 etiam
1297 261 1578 361 singulis
1599 261 1778 354 jndi-

257 366 580 458 eantibus
606 417 630 445 ‚
661 386 808 435 non
834 360 1019 433 idem
1045 361 1230 455 apud
1255 384 1509 458 graves
1542 359 1775 451 vit-oa,

261 463 458 560 quod
497 458 804 533 leviores
832 483 856 527 ι
889 481 1030 528 non
1063 459 1266 531 -idem
1309 458 1492 558 apttd
1530 457 1772 532 erudi·

260 577 411 633 tum
442 611 467 649 ‚
512 558 709 678 quod
742 553 1114 626 militarem
1138 581 1234 628 -ac
1275 556 1601 628 rusticum
1636 557 1773 630 de-

258 674 417 730 ceat
448 685 466 730 ε
497 674 733 751 sitque
765 676 1263 751 nonnunquam
1282 652 1772 726 summittenda

259 759 340 830 δι
359 752 832 827 contrahenda
859 752 1127 840 oratic,
1144 777 1233 823 ne
1248 749 1461 842 iudex
1482 776 1636 824 eam
1652 750 1776 828 vei

254 851 644 948 intelligere
668 901 694 936 ,
724 849 847 924 vel
881 873 1142 945 capere
1168 872 1315 921 non
1350 848 1580 945 possit.

265 981 270 986 ·
352 976 424 1042 4.
472 952 807 1022 TEMPUS
864 971 1156 1046 quoque
1191 973 1273 1044 ac
1308 947 1508 1021 locus
1559 963 1774 1046 egent

252 1046 751 1122 observatione
794 1044 1103 1143 propria.
1148 1050 1337 1120 Nam
1384 1049 1465 1121 &
1491 1063 1775 1142 tempus

255 1136 406 1218 ium
436 1146 670 1215 laetum
701 1192 726 1230 ‚
773 1159 924 1212 tum
963 1142 1153 1215 triste
1183 1198 1210 1236 ,
1232 1163 1382 1216 tum
1421 1143 1722 1216 liberum
1746 1196 1777 1234 ,

176 1299 180 1304 ·
245 1257 401 1316 tum
428 1238 788 1336 angustum
817 1236 936 1308 est.
975 1238 1191 1333 Atqui
1231 1240 1321 1310 ad
1349 1239 1494 1310 bac
1528 1239 1774 1310 omnia

256 1334 792 1433 componendus
836 1349 1105 1405 orator.
1148 1335 1243 1405 ,Et
1287 1334 1453 1405 loco
1485 1335 1775 1431 publico

255 1432 639 1532 privatone
663 1485 686 1521 ,
704 1430 972 1504 celebri
989 1455 1077 1522 an
1091 1429 1369 1505 secreto
1385 1486 1408 1522 ,
1435 1432 1659 1505 aliena
1682 1431 1775 1506 ci·

252 1532 481 1606 vitate
514 1554 602 1601 an
621 1546 742 1600 tua
767 1582 789 1618 ‚
818 1530 892 1600 in
913 1528 1150 1601 castris
1172 1528 1475 1628 denique
1499 1555 1589 1601 an
1605 1529 1774 1602 foro

250 1630 471 1719 dicas,
494 1624 777 1700 interest
795 1627 1172 1726 plurimum
1200 1653 1223 1713 ;
1254 1652 1338 1701 ac
1362 1627 1554 1702 suam
1576 1627 1768 1725 quic.

248 1752 391 1827 que
425 1727 727 1799 formam
751 1781 775 1816 ‚
836 1727 916 1798 ὅ(
974 1725 1337 1823 proprium
1388 1725 1769 1825 quemdam

247 1826 543 1900 modum
587 1823 1011 1922 eloquentiae
1043 1824 1267 1922 poscit
1297 1852 1319 1897 :
1356 1826 1513 1898 citm
1547 1824 1767 1897 etiam

246 1923 324 1996 in
356 1923 622 1995 caeteris
663 1924 926 1994 aEtibus
960 1922 1125 1997 vitae
1152 1948 1297 1995 non
1328 1922 1513 1996 idem
1552 1923 1619 1994 in
1655 1914 1764 1995 fo·-

247 2045 363 2114 το,
385 2021 576 2093 curia
597 2060 622 2112 9
645 2045 899 2118 campo
921 2072 944 2105 ‚
969 2022 1249 2094 theatro
1277 2076 1301 2114 ,
1332 2022 1552 2113 domi,
1570 2019 1763 2094 face·

240 2142 323 2193 re
357 2119 741 2193 conveniat
770 2145 794 2204 ;
846 2124 923 2192 &
954 2119 1294 2217 pleraque
1323 2145 1481 2218 quae
1506 2120 1759 2193 natur&

239 2243 385 2292 non
416 2218 565 2291 sunt
587 2218 1164 2316 reprehendenda
1183 2272 1206 2307 ,
1227 2235 1440 2314 atque
1456 2219 1620 2290 ideo
1649 2202 1760 2287 in:

241 2315 452 2390 terim
504 2317 657 2388 sunt
711 2316 1125 2404 neceffaria‚
1163 2314 1330 2386 alibi
1362 2314 1572 2411 quam
1598 2335 1762 2385 mos

243 2413 636 2512 permiserit
661 2468 685 2504 ,
710 2414 938 2512 turpia
964 2413 1381 2484 habeantur.
1427 2441 1431 2446 ·

278 2503 314 2622 ⁹.
349 2536 414 2608 5.
458 2512 697 2605 Itum
723 2510 862 2604 jam
893 2510 1195 2582 diximus
1234 2562 1257 2597 ,
1308 2518 1577 2603 quanto
1606 2503 1761 2602 plus

243 2605 499 2682 mtoris
541 2612 618 2681 &
650 2610 874 2683 cultus
923 2603 1490 2680 demonstrativae
1535 2622 1763 2676 mate·
1780 2571 2018 2633 “²⁸⁶⁴“

127 2752 134 2757 ·
243 2704 369 2779 κίε
397 2757 419 2794 ,
453 2705 672 2775 ut-·ad
732 2707 1275 2780 dele&ationem
1325 2703 1758 2779 audientium

244 2800 690 2904 cornpofitae,
714 2806 919 2901 quam
946 2858 973 2895 ‚
1021 2829 1175 2901 quae
1207 2801 1459 2876 suntin
1494 2804 1645 2877 astu
1668 2807 1795 2885 Bc„

242 2898 706 3011 contentione
775 2956 798 2994 ‚
881 2901 1198 2973 suasoriae
1255 2900 1757 3001 iudicialesque

243 3012 678 3100 permutant.

251 3112 256 3117 ·
335 3096 404 3170 H
533 3094 805 3176 -adhuc
871 3093 1331 3195 adjiciendum
1377 3048 1408 3190 ‚s
1464 3084 1761 3193 ‘aliquas
