2250 3761
562 181 709 258 432
882 155 1079 229 Lm.
1138 152 1330 226 Xll.
1381 154 1599 227 CAP.
1649 151 1749 227 X.

568 347 575 356 ,
688 275 934 371 Itaque
1000 270 1131 342 illo
1201 268 1437 342 subtili
1488 268 1695 368 praeci
1748 269 1846 344 ιιὲ
1910 271 2119 349 ratio

564 371 893 448 narrandi
960 366 1449 468 probandique
1500 367 1682 443 cons
1746 388 1823 442 et
1884 393 1944 466 ²„
1989 376 2118 449 sed

566 469 759 580 quod
792 467 1008 566 etiam'
1028 466 1360 542 ‘detractis
1396 465 1665 540 caeteris
1699 466 2109 547 virtutibus

432 595 439 602 ’
561 571 690 642 tuo
717 590 973 670 genere
1004 565 1292 664 plenum
1338 563 1444 638 fit.
1479 563 1756 639 Medius
1797 566 1922 642 hic
1948 595 2110 643 mo·

560 666 692 739 dus
712 719 737 758 ‚
801 669 884 742 δι
952 661 1520 739 transsationibus
1569 661 1903 738 crebrior
1934 719 1962 757 ,
2019 672 2103 744 δε
2195 741 2196 748 1

560 762 801 862 figuris
882 763 1021 837 erit
1092 761 1467 858 jucundior
1491 812 1516 851 ,
1580 760 2100 860 egreffionibus
2193 761 2196 786 ¹

563 886 886 935 amoenus
912 915 937 952 ‚
966 859 1475 959 compositione
1505 877 1715 957 aptus
1742 913 1767 952 ,
1816 861 2101 938 senten·

562 959 682 1040 tiis
749 958 971 1032 dulcis
1015 1012 1039 1048 ‚
1112 956 1342 1032 lenior
1382 975 1622 1031 tamen
1653 1009 1678 1048 ,
1734 974 1818 1030 ut
1858 962 2097 1038 amnis

562 1057 835 1132 lucidus
868 1056 1153 1154 quidam
1193 1058 1273 1129 sc
1305 1055 1704 1132 virentibus
1748 1055 2098 1157 utrinque

563 1155 779 1256 sylvis
829 1154 1294 1229 inumbratuS.
1338 1156 1432 1228 At
1465 1153 1585 1226 ille
1611 1152 1736 1251 qui
1762 1153 1929 1228 saxa
1961 1158 2097 1230 de·-

562 1252 820 1327 volvat
840 1305 865 1342 ,
889 1253 968 1325 &
991 1270 1285 1352 pontem
1312 1247 1712 1349 indignetur
1730 1307 1755 1346 ‚
1789 1254 1876 1326 &
1899 1253 2088 1354 ripas

562 1347 684 1424 fibi
740 1348 950 1423 faciat
972 1404 997 1443 ,
1044 1352 1301 1423 multus
1330 1354 1410 1426 &
1441 1366 1722 1423 torrens
1773 1347 2088 1446 judicem

564 1448 686 1522 vel
712 1447 1050 1522 nitentem
1073 1448 1323 1525 contra
1343 1448 1526 1523 feret
1541 1500 1566 1541 ,
1604 1446 1970 1549 coge'tque
1992 1456 2087 1527 ire

562 1547 705 1643 qua
746 1545 957 1643 rapit.

658 1642 791 1717 Hic
835 1659 1082 1716 orator
1133 1642 1213 1714 &
1254 1639 1617 1716 defunftos
1680 1643 2090 1733 excitabit,
2181 1659 2186 1680 ¹

201 1761 305 1816 Pro
328 1765 443 1816 coez.
462 1784 537 1834 33·
558 1758 640 1815 ut
675 1740 979 1839 Appium
1022 1741 1306 1813 Caecum
1337 1767 1358 1811 τ
1404 1740 1589 1837 apud
1626 1739 1805 1813 hunc
1838 1744 1919 1814 &
1941 1766 2088 1838 pa-

558 1840 692 1914 tria
742 1837 886 1937 ipsa
934 1836 1399 1929 exclamabit,
1442 1837 1884 1938 aliquemque
1942 1838 2086 1939 (ut

228 1937 746 2036 1.catiz.18.tapud
798 1937 1227 2011 Ciceronem
1289 1935 1364 2009 in
1419 1937 1750 2011 oratione
1821 1955 2079 2013 contra

558 2034 938 2107 Catilinam
989 2034 1062 2107 in
1108 2035 1415 2134 Senatu)
1467 2035 1898 2132 alloquetur.
1940 2036 2073 2112 Hic

557 2132 638 2204 &
697 2130 1360 2225 amplificationibus
1426 2133 1719 2205 extollet
1795 2134 2073 2207 oratio·

130 2267 138 2275 ·
556 2251 718 2303 nem
746 2281 768 2319 ,
820 2230 898 2301 &
919 2228 996 2302 vi
1036 2225 1587 2325 superlationum
1622 2251 1916 2328 quoque
1948 2230 2077 2315 eri:

204 2344 697 2426 2.Pfu·lip.67.get.
756 2328 925 2422 Quoe
963 2328 1296 2419 charybdis
1331 2350 1469 2400 tam
1501 2355 1750 2403 vorax:
1788 2330 1913 2403 &2
1981 2332 2078 2400 0-

561 2452 791 2498 ceanus
817 2425 1245 2516 mediufidius
1264 2426 1410 2518 ipsi.
1474 2426 1670 2498 Nota
1698 2424 1857 2497 sunt
1883 2424 2073 2499 enim

557 2523 698 2617 jam
751 2520 1060 2597 studiofis
1119 2521 1268 2593 haec
1328 2522 1614 2597 lumina.
1689 2521 1829 2598 Hic
1891 2523 2076 2596 deos

559 2620 748 2717 ipsos
785 2621 861 2693 in
904 2644 995 2693 co
1124 2617 1338 2692 effum
1398 2620 1623 2721 prope
1667 2619 1866 2693 suum
1924 2619 2078 2695 ser-

199 2735 302 2789 Pro
317 2734 434 2794 Miz,
449 2737 481 2788 8
486 2753 539 2806 5·
560 2717 983 2815 monentque
1093 2716 1389 2793 educet:
1429 2727 1565 2793 Vos
1608 2722 1774 2791 enim
1814 2719 2077 2791 Albani

431 2819 439 2828 '
560 2815 800 2886 tumuli
829 2836 1012 2908 atque
1039 2819 1170 2886 luci
1195 2842 1220 2888 .·
1262 2843 1377 2888 vos
1402 2869 1426 2904 ,
1471 2818 1739 2914 inquam
1764 2869 1789 2908 ,
1846 2820 2076 2890 Alba-

444 2952 445 2955 *
558 2939 781 2985 norum
814 2914 1044 2984 obrutae
1086 2939 1212 2985 arae
1234 2961 1262 2997 ‚
1289 2915 1622 3009 sacrorum
1659 2918 1898 3009 populi
1919 2917 2075 2987 Ro·

558 3015 741 3083 mani
752 3014 946 3102 sociae
973 3014 1050 3086 (ξ’
1074 3015 1364 3106 aequales.
1390 3014 1526 3087 Hic
1552 3011 1729 3085 iram
1749 3062 1779 3097 ‚
1801 3011 1919 3087 hic
1942 3011 2078 3087 mi·

550 3108 997 3187 'sericordiam
1024 3107 1421 3208 inspirabit,
1456 3110 1568 3187 hic
1583 3108 1813 3193 dicet:
1850 3112 1939 3213 Te
1967 3113 2078 3202 νζ-

1591 3242 1593 3249 >
1912 3213 2019 3281 dit
2046 3259 2069 3297 ,

142 2601 181 2615 Q
