2250 3761
551 183 643 237 10
828 164 1032 239 Lis.
1103 167 1298 245 VII.
1375 171 1609 246 cn.
1690 173 1753 248 1.·
1891 263 1902 271 ‚

543 302 860 377 quoque.
926 284 1277 360 Excutere
1337 286 1665 396 quicquid
1698 278 1971 380 ,dicitur
1991 341 2029 387 9

542 376 874 474 prodest,
924 381 1004 458 &
1040 382 1239 456 velut
1283 386 1661 480 rejectione
1705 387 1881 458 fasta
1936 386 2027 460 ad

543 473 891 569 optimum
927 481 1330 575 pervenire.
1374 485 1754 558 Accusatur
1791 484 1968 569 Milo
1995 538 2028 576 ,

540 570 737 667 qubd
757 573 1095 649 Clodium
1122 579 1494 654 occiderit:
1515 602 1633 656 aut
1657 580 1826 656 fecit
1845 636 1868 672 ,
1899 596 2025 654 aut

539 691 708 740 non.
737 672 1108 769 Optimum
1136 695 1287 751 erat
1307 704 1611 778 negare:
1646 680 1693 752 fi
1725 704 1866 752 non
1891 704 2025 777 po-

535 764 669 843 test
686 821 708 857 ‚
738 770 996 845 occidit
1020 799 1193 873 ergo
1218 794 1337 848 aut
1359 776 1514 870 ‚jure
1532 835 1556 870 ‚
1589 796 1708 851 aut
1735 777 2025 870 injuria·

538 863 806 962 Utique
835 866 1027 959 jure:
1066 894 1189 945 aut
1212 875 1576 950 voluntate
1606 876 1856 977 igitur,
1896 890 2021 947 aut

536 962 962 1041 necestitate.
1021 970 1208 1042 Nam
1249 971 1638 1072 ignorantia
1679 970 2020 1072 praetendi

536 1082 684 1130 non
732 1064 980 1157 potest.
1039 1069 1384 1144 Voluntas
1420 1098 1677 1171 anceps
1711 1071 1831 1143 est.
1878 1068 2017 1143 Sed

535 1157 702 1252 quia
733 1159 831 1232 ita
854 1160 925 1233 id
950 1161 1268 1240 homines
1299 1185 1549 1266 putant
1570 1227 1592 1259 ,
1638 1169 2021 1266 adjungen-

534 1253 624 1326 da
649 1255 955 1332 defenfio
976 1316 999 1352 ,
1031 1281 1110 1334 ut
1133 1263 1202 1335 id
1220 1291 1353 1362 pro
1375 1267 1758 1363 Republica
1780 1265 2011 1338 fuerit.

530 1351 997 1431 Neceffitate:
1036 1359 1258 1434 subita
1290 1361 1763 1463 igitur'pugna
1795 1417 1840 1463 ,γ
1862 1387 2011 1435 non
2047 1390 2051 1396 ·

522 1471 914 1547 ‘praeparata
951 1482 969 1526 ι
1013 1456 1193 1531 alter
1240 1459 1446 1557 igitur
1491 1461 1836 1536 infidiatus
1888 1460 2015 1534 est.

525 1547 750 1624 Uter?
771 1554 1085 1648 profecti>
1101 1558 1420 1632 Clodius,
1446 1561 1742 1632 Vide'sne
1763 1578 1841 1630 ut
1862 1557 2006 1652 ipsa

524 1665 758 1717 rerum
801 1650 1161 1723 neceffitas
1196 1654 1492 1726 deducat
1534 1657 1622 1724 ad
1668 1654 2007 1728 defenfim

525 1764 692 1811 nem
729 1745 756 1815 ἓ
782 1746 1027 1816 Adhuc
1054 1745 1072 1816 ὲ
1105 1750 1248 1818 Aut
1273 1748 1515 1846 utique
1542 1750 1777 1824 voluit
1803 1751 2001 1825 occi-³

524 1835 694 1911 dere
720 1838 1189 1917 infidiatorem
1223 1845 1557 1921 Clodium
1588 1906 1611 1941 ‚
1654 1869 1774 1923 aut
1804 1876 1997 1926 nont

133 1956 236 2009 Pro
254 1957 474 2027 Mil.19.
515 1936 735 2009 tutius
771 1937 818 2008 fi
858 1939 1107 2013 noluit.
1159 1947 1461 2017 Fecerunt
1493 1976 1629 2045 ergo
1643 1953 1816 2043 firvi
1850 1954 1997 2020 Mi-
2047 1997 2052 2002 f

509 2038 677 2106 lonis
703 2086 729 2120 ,
777 2064 966 2131 neque
976 2040 1240 2129 jubente
1269 2092 1290 2125 ,
1332 2051 1764 2140 nequesbiente
1784 2045 1993 2119 ‘Milo-

506 2158 603 2202 πε.
639 2133 733 2204 At
758 2133 902 2206 haec
927 2151 1068 2207 tam
1091 2137 1338 2212 timida
1365 2141 1669 2218 defenfio
1690 2144 1995 2218 detrahit

506 2229 990 2305 auctoritatem
1015 2233 1114 2304 illi
1142 2290 1168 2327 ‚
1214 2263 1351 2337 qua
1378 2241 1559 2313 τεὸὶὲ
1584 2242 1991 2317 dicebamus

507 2328 842 2414 occisum.
895 2330 1239 2422 Adjicitur
1279 2362 1297 2408 ε
1346 2343 1523 2432 quod
1534 2342 1700 2434 suos
1737 2346 1991 2437 quisque

483 2428 712 2521 servvs
743 2431 813 2499 in
860 2432 984 2501 tali
1014 2459 1073 2502 re
1096 2433 1310 2524 facere
1350 2436 1656 2535 voluiffit.
1698 2439 1856 2511 Hoc
1890 2463 1987 2513 eo

502 2523 601 2595 est
625 2526 864 2601 utilius
890 2582 913 2619 ‚
961 2529 1155 2628 qubd
1186 2532 1269 2604 sae
1320 2559 1359 2609 e
1379 2534 1565 2612 ‚nihil
1596 2536 1867 2634 placet,
1901 2538 2005 2614 &-

497 2621 762 2718 aliquid
792 2626 1165 2700 dicendum
1199 2559 1317 2707 eii).
1365 2635 1763 2707 Intueamur
1807 2637 1983 2736 ergb

499 2720 777 2790 omnia:
806 2720 898 2792 ita
925 2726 1286 2819 apparebit
1321 2746 1441 2799 aut
1466 2731 1538 2801 id
1623 2734 1766 2807 uod
1794 2735 1983 2831 opti-

458 2827 463 2835 ·
491 2820 687 2883 mum
716 2816 814 2887 est
833 2871 855 2907 ,
897 2837 1015 2889 aut
1039 2817 1110 2893 id
1138 2822 1328 2918 quod
1350 2826 1587 2901 minim
1653 2832 1981 2907 malum..

588 2912 710 2984 VI.
748 2917 841 2986 At
876 2920 1243 3011 quomodo
1286 2921 1726 3000 inveniemus
1763 2927 1973 3002 etiam

490 3004 644 3082 illas
693 3011 1125 3089 occultiores
1176 3022 1587 3115 quaestiones
1633 3028 1663 3099 Ρ
1714 3023 1974 3101 scilicet

486 3112 853 3206 ‘quomodo
894 3110 1318 3216 sententias,
1362 3122 1580 3201 verba
1605 3173 1630 3217 ‚
1671 3120 1919 3224 figuras
1942 3180 1974 3229 2
