2250 3761
429 138 558 208 Da
582 106 1365 219 vannum-unone:
1512 173 1649 244 333

154 265 462 353 ‘quoque
502 252 818 330 sermone
860 253 1243 325 carentium
1262 310 1286 346 ,
1316 258 1464 348 ira,
1488 259 1668 334 laeti..

158 355 311 434 tia,
338 349 648 422 adulatio
667 404 692 444 ‚
721 354 798 425 &
834 348 1060 424 oculis
1077 398 1104 433 ‚
1144 350 1223 422 δι
1263 353 1673 448 quibusdam

159 446 328 527 aliis
356 446 672 545 corporis
699 447 897 546 fignis
928 446 1488 545 deprehenditur.
1518 453 1713 527 Nec·

164 544 426 625 mirum
446 545 498 623 fi
512 543 661 637 ista,
681 571 838 643 quae
851 561 1084 620 tamen
1109 544 1180 616 in
1200 545 1444 644 aliquo
1461 551 1678 644 posita.

168 642 334 723 sunt
374 658 616 733 motu,
656 659 923 716 tan-tum
972 644 1043 717 in
1087 641 1335 717 animis
1382 646 1618 720 valent
1648 702 1675 741 ,

169 741 343 813 citm
399 740 659 840 pistura
698 758 935 817 tacens
991 763 1168 836 opus
1190 795 1215 831 ‚
1269 745 1352 817 &
1397 741 1677 818 habitus
1754 829 1759 833 q

168 837 453 935 semper
478 836 776 932 ejusdem
797 889 824 924 ‚
849 838 940 911 fic
964 835 1039 909 in
1055 836 1344 921 intimos
1367 857 1685 937 penetret

171 935 460 1009 affectus
479 989 504 1029 ‚
530 953 608 1010 ut
632 936 847 1035 ipsam
873 935 1020 1012 vim
1056 935 1328 1012 dicendi
1367 962 1686 1013 nonnun-

167 1054 394 1134 quam
423 1034 747 1132 superare
783 1034 1135 1117 videatur.
1288 1044 1293 1045 ⁷

232 1133 511 1203 Contra
542 1131 591 1200 fi
626 1132 848 1228 gestus
873 1156 955 1204 ac
980 1135 1215 1206 vultus
1243 1135 1330 1206 ab
1356 1134 1689 1209 oratione

175 1225 622 1316 dissentiant,
649 1227 861 1299 tristia
905 1226 1212 1315 dicamus
1252 1230 1504 1305 hilares
1527 1286 1550 1323 ,
1585 1233 1688 1305 af-

177 1322 541 1397 firmemus
577 1322 806 1422 aliqua
836 1343 1212 1397 renuentes
1233 1326 1430 1412 ;‡rion
1456 1330 1694 1402 aufto-

185 1418 360 1494 ritas
376 1420 592 1494 modo
614 1421 849 1496 verbis
868 1474 891 1513 ,
912 1420 1032 1494 sed
1059 1423 1270 1494 etiam
1291 1423 1466 1498 fides
1497 1425 1696 1499 defin

292 1520 542 1593 Decor
575 1543 858 1618 quoque
886 1520 926 1590 a
949 1519 1140 1616 gestu
1168 1536 1380 1619 atque
1412 1523 1452 1595 a
1493 1541 1694 1597 motu

190 1616 410 1692 venit.
496 1617 807 1716 Ideoque
863 1616 1372 1694 Demosthenes
1438 1622 1695 1718 grande

188 1717 552 1810 quoddam
608 1714 956 1812 speculum
991 1714 1282 1793 intuens
1313 1772 1338 1811 ‚
1410 1742 1699 1817 compo-

191 1837 365 1892 nere
403 1813 747 1892 astionem
778 1812 1071 1887 solebat.
1096 1813 1299 1888 Adeo
1318 1870 1342 1907 ,
1373 1817 1694 1914 quamvis

192 1909 428 2011 fulgor
460 1910 576 1984 ille
595 1911 882 1983 sinistras
901 1909 1232 2009 imagines
1265 1914 1506 1992 reddat
1520 1970 1542 2006 ,
1560 1915 1697 1989 suis

194 2012 488 2087 demum
511 2007 734 2081 oculis
762 2008 1057 2081 credidit
1080 2010 1272 2106 quod
1303 2011 1637 2089 efficeret.

289 2109 815 2194 PRAEmPUUM
879 2105 1154 2182 veroin
1186 2107 1494 2196 actione,
1527 2111 1696 2184 ficut

190 2208 266 2290 in
302 2228 607 2305 corpore
644 2202 833 2300 ipse,
871 2204 1106 2301 Caput
1135 2204 1233 2277 est
1258 2257 1281 2293 ‚
1312 2208 1469 2278 cum
1508 2210 1597 2278 ad
1626 2210 1701 2279 il·

187 2309 340 2388 lum
356 2305 445 2389 de
464 2326 611 2400 quo
636 2302 779 2384 dixi
798 2301 1133 2375 decorem
1150 2354 1174 2391 ,
1206 2317 1355 2377 tum
1379 2304 1586 2374 etiam
1612 2304 1703 2375 ad

192 2399 762 2502 fignificationem
798 2395 1105 2476 decbris.
1152 2396 1277 2466 Illa
1307 2394 1496 2487 sunt,
1519 2415 1599 2469 ut
1626 2398 1708 2470 fit

195 2496 438 2599 primo
471 2496 732 2576 rectum
759 2549 782 2586 ,
825 2497 907 2576 &
945 2492 1320 2574 secundum
1361 2511 1706 2572 naturam.

194 2599 390 2680 Nam
444 2593 525 2665 &
571 2591 838 2685 dejecto
881 2588 1237 2668 humilitas
1262 2642 1285 2681 ,
1324 2593 1411 2665 «δι
1463 2590 1708 2689 supino

202 2687 599 2788 arrogantia
623 2740 653 2778 ,
695 2692 774 2764 &
830 2688 901 2772 in
949 2689 1131 2762 latus
1178 2686 1513 2766 inclinato
1561 2691 1710 2762 lan«,

205 2812 393 2891 guor
421 2841 446 2877 ‚
486 2786 565 2857 &
592 2785 903 2880 praeduro
943 2810 1025 2858 ac
1071 2784 1340 2884 rigente
1384 2786 1707 2867 barbaria

207 2884 538 2989 quaedam
565 2881 813 2961 mentis
853 2882 1253 2962 ostenditur·

205 2976 213 2990 ⁴
304 2984 494 3056 Tum
545 2978 844 3075 accipiat
884 2995 1085 3058 atos
1117 3002 1208 3052 ex
1254 2978 1402 3078 ipsa
1441 2980 1709 3059 afflone

214 3096 447 3158 motus
466 3131 497 3173 ,
525 3094 605 3154 ut
632 3099 790 3160 cum
816 3099 901 3177 ge
1019 3078 1397 3158 concordet
1419 3131 1445 3173 ,
1470 3081 1549 3156 δι
1569 3102 1713 3163 rna·⁴
