2250 3761
536 113 686 192 '216
898 114 1104 186 [ΛΒ.
1165 91 1262 183 Χζ
1338 108 1566 186 CAP.
1635 107 1689 188 1.

518 231 622 304 mi
661 228 869 303 satis‘:
911 228 952 299 ὲ
984 227 1218 300 nitore
1248 229 1327 300 &
1363 224 1799 321 jucunditate
1845 234 2041 314 CIce.⁴

516 327 710 400 tonis
761 326 858 398 ita
918 325 1127 425 longe
1161 324 1348 399 abest
1383 376 1410 411 ,
1461 344 1539 398 ut
1574 329 1804 404 videri
1843 339 2037 433 poffit

517 423 772 498 saeculo
811 422 1036 520 prior.

608 524 701 592 At
731 521 1017 595 Meffala
1052 518 1359 612 nifidus,
1395 524 1474 595 &
1525 526 1856 600 candidus
1879 583 1900 619 ,
1955 535 2030 607 δε

508 620 1040 716 quodammodo
1076 645 1219 717 prae
1261 620 1328 692 se
1370 619 1604 696 ferens
1633 624 1702 694 in
1730 626 2029 701 dicendo

508 716 953 800 nobilitatem
986 717 1176 789 suam
1207 742 1224 786 ε
1259 717 1527 790 viribus
1552 721 1801 794 minor.

594 814 682 888 C.
723 815 903 890 vero
938 814 1167 888 Caesar
1199 813 1246 883 fi
1283 814 1447 885 foro
1486 821 1752 891 tantttm
1788 825 2027 897 vacas·

502 910 604 983 set
625 967 647 1004 ,
680 938 824 984 non
861 914 1031 985 alius
1062 938 1149 984 ex
1176 912 1421 984 nostris
1452 935 1693 988 contra
1737 921 2041 993 Cicero-⁴

502 1034 663 1082 nem
690 1011 1193 1086 nominaretur.
1245 1011 1473 1082 Tanta
1505 1012 1571 1081 in
1606 1037 1696 1082 eo
1728 1016 1833 1086 vis
1869 1018 1968 1087 est
1989 1074 2013 1107 ‚

497 1106 571 1178 id
601 1132 889 1181 acumen
915 1164 937 1200 ‚
969 1134 1051 1182 ea
1081 1106 1465 1182 concitatio
1494 1162 1515 1197 ,
1553 1127 1629 1178 ut
1659 1109 1852 1182 illum
1887 1139 2011 1185 eo-

498 1205 659 1277 dem
688 1206 926 1279 animo
944 1205 1181 1281 dixiffe
1201 1265 1225 1298 ‚
1262 1230 1406 1305 quo
1434 1205 1720 1280 bellavit
1745 1261 1766 1296 ,
1796 1235 2006 1306 appa-

495 1321 672 1378 reat.
738 1308 1044 1377 Exornat
1082 1323 1318 1378 tamen
1362 1304 1505 1379 haec
1546 1305 1783 1377 omnia
1833 1308 2002 1379 mira

490 1400 828 1476 sermonis
855 1459 878 1497 ,
918 1402 1110 1498 cujus
1143 1401 1426 1500 proprie
1455 1402 1790 1477 studiosus
1824 1404 2000 1497 fuit,

492 1499 864 1598 elegantia.
1360 1527 1371 1550 ·

584 1600 887 1670 Multum
919 1594 1179 1691 ingenii
1221 1596 1291 1666 in
1322 1598 1546 1669 Caelio
1571 1651 1596 1688 ,
1650 1601 1729 1672 δε
1760 1600 2000 1694 praeci·

488 1695 627 1792 pue
669 1696 739 1766 in
779 1692 1167 1768 accusando
1200 1692 1416 1762 multa
1451 1692 1802 1766 urbanitas
1834 1725 1856 1768 t
1893 1699 2003 1770 di·-

484 1790 791 1893 gnt'tsque
826 1790 935 1865 vir
963 1842 986 1879 ,
1036 1787 1151 1858 cui
1199 1792 1277 1860 &
1324 1811 1520 1870 mens
1558 1789 1862 1887 melior,
1914 1798 1992 1870 &

482 1889 630 1964 vita
659 1888 932 1986 longior
960 1884 1370 1984 contigiffet.

406 2065 431 2076 ,
576 1986 822 2062 Inveni
862 1984 982 2084 qui
1032 1985 1336 2058 Calvum
1379 1982 1785 2081 praeferrent
1832 2011 1988 2061 oma
2104 2044 2113 2047 -

474 2082 676 2157 nibus
703 2092 730 2171 3
758 2082 996 2155 inveni
1021 2081 1142 2250 <pli
1167 2083 1411 2154 contra
1438 2082 1797 2156 crederent
1821 2110 1982 2158 eum

473 2181 690 2279 nimia
743 2199 988 2261 contra
1063 2206 1101 2251 e
1148 2179 1492 2254 calumnia
1541 2206 1786 2255 verum
1837 2181 1984 2254 san*-

472 2280 749 2387 guinem
779 2277 1177 2378 perdidisse.
1227 2280 1365 2352 Sed
1406 2277 1503 2352 est
1533 2281 1609 2351 &
1644 2279 1858 2351 sanna
1897 2282 1989 2353 δί’

472 2378 706 2487 gravis
735 2378 968 2453 oratio
991 2431 1013 2468 ,
1051 2380 1130 2451 &
1160 2377 1519 2476 castigata,
1552 2376 1627 2448 &
1654 2375 1989 2473 frequen-¹

470 2496 583 2551 ter
611 2478 993 2552 vehemens
1033 2500 1342 2574 quoque.
1391 2475 1701 2545 Imitator
1730 2473 1827 2547 est
1864 2501 1985 2548 au«

469 2594 615 2647 tem
633 2576 1072 2648 Atticorum:
1118 2573 1423 2671 fecitque
1463 2571 1560 2643 illi
1593 2590 1972 2670 properata

467 2697 660 2745 mors
694 2672 1052 2765 injuriam,
1085 2671 1134 2744 fi
1216 2672 1333 2743 uid
1367 2669 1795 2764 adjeEturuS‚
1826 2683 1979 2748 non*

465 2771 516 2841 fi
546 2768 711 2864 quid
733 2698 1332 2848 detrafiurusffuit.

549 2869 637 2937 Et
703 2868 984 2944 Servius
1041 2865 1372 2962 Sulpitius
1435 2864 1755 2966 infignem
1794 2880 1958 2941 *non

462 2963 815 3057 immerito
892 2964 1149 3038 famam
1232 2962 1454 3037 tribus
1526 2961 1961 3037 orationibus

457 3065 733 3140 meruit.
764 3062 990 3141 Multa
1017 3119 1041 3159 ‚
1081 3062 1131 3139 fi
1164 3087 1324 3138 cum
1347 3061 1612 3158 judicio
1639 3060 1915 3230 leggng·
1936 3116 1962 3152 ‚

1807 3183 1845 3232 a
1898 3177 1954 3232 η
