2250 3761
461 161 608 236 1>ss
646 160 1521 235 -Co'MpostnoNt,
1637 161 1769 257 169

220 276 362 359 ires
379 333 412 369 ,
446 305 604 380 quae
636 279 716 351 &
757 278 967 377 plena
1002 275 1307 350 sentiunt
1329 332 1354 366 ,
1396 282 1477 352 &
1524 302 1776 376 parum

233 381 525 479 expleta
573 376 963 451 defiderant
998 428 1024 464 ,
1088 376 1169 447 &
1217 374 1501 473 fragofis
1549 376 1778 449 offen-
1851 414 1858 423 ·

229 480 503 555 duntur
524 532 550 571 ‚
595 478 675 551 δι
710 475 987 548 lenibus
1011 472 1406 546 mulcentur
1426 529 1452 567 ‚
1494 477 1572 549 &
1605 498 1778 546 con-

235 577 450 663 tortis
487 574 890 649 excitantur
920 629 946 665 ,
1003 575 1083 646 &
1114 570 1382 644 stabilia
1416 572 1773 670 probant,'

235 676 494 753 danda
541 673 1077 772 deprehendunt
1102 720 1123 749 ‚
1176 669 1638 743 redundantia
1691 672 1772 744 &

237 773 458 849 nimia
504 770 881 847 fastidiunt.
942 766 1264 865 Ideoque
1318 768 1505 841 docti
1555 768 1775 841 ratio-

240 896 410 946 nem
475 868 951 968 componendi
1004 865 1408 964 intelligunt
1436 921 1462 960 ,
1510 865 1771 940 indocti

235 969 720 1068 voluptatem.
1731 1028 1738 1037 .

262 1130 267 1133 .
335 1066 682 1160 Quaedam
702 1062 883 1141 verb
904 1079 1058 1137 arte
1078 1062 1265 1138 tradi
1300 1088 1445 1137 non
1468 1063 1777 1162 poffunt.‘

238 1166 625 1240 Mutandus
654 1164 752 1241 est
792 1174 827 1212 ⁴*
864 1161 1059 1239 casus
1093 1217 1118 1254 ‚
1165 1163 1215 1235 fi
1246 1162 1484 1236 durius
1520 1162 1577 1236 is
1622 1187 1769 1261 quo
1840 1175 2149 1254 '‘‚Casumin-

243 1288 681 1361 coeperamus
714 1319 740 1357 ‚
801 1261 1091 1334 feratur.
1170 1262 1362 1333 Num
1427 1259 1503 1333 in
1554 1287 1768 1359 quem
1792 1238 2142 1353 {fifflffidss‘gg

247 1361 673 1437 transeamus
702 1387 790 1435 ex
823 1384 970 1459 quo
987 1415 1012 1452 ,
1041 1359 1324 1458 praecipi
1355 1357 1585 1457 potest
1611 1361 1638 1433 ?
1666 1360 1772 1432 Fi·
1792 1373 1946 1433 potitis
1979 1339 2137 1433 [⁵3:110-

240 1485 439 1558 gurae
478 1457 821 1536 laboranti
853 1456 1069 1532 etiam
1104 1455 1603 1556 compositioni
1638 1483 1771 1534 va·
1792 1433 1986 1485 ‘mmm‘

239 1558 442 1631 riatae
466 1557 638 1658 saepe
671 1558 1110 1632 succurrunt.
1155 1557 1390 1652 Quae?
1420 1556 1580 1628 curn
1610 1581 1770 1631 ora-

236 1656 454 1731 tionis
482 1714 507 1750 ,
544 1659 696 1730 tum
715 1656 931 1732 etiam
949 1654 1329 1729 sententiae.
1376 1655 1564 1727 Num
1639 1680 1769 1727 rae-

236 1752 573 1854 scriptum
607 1753 759 1851 ejus
792 1754 900 1828 rei
928 1753 1150 1827 ullum
1174 1752 1325 1831 est?
1362 1681 1771 1827 Occa1i30ni-

238 1853 380 1927 bus
409 1854 749 1927 utendum
771 1910 793 1947 ,
829 1855 910 1930 &
939 1876 1097 1927 cum
1133 1878 1212 1928 re
1248 1851 1563 1951 praesenti
1591 1852 1767 1927 deli-

238 1951 659 2027 berandum.
708 1952 1084 2031 Enimvero
1111 1951 1329 2050 spatia
1361 1951 1504 2049 ipsa
1532 2007 1556 2043 ‚
1611 1977 1767 2051 quae

235 2048 311 2121 in
353 2050 487 2124 ha'c
518 2050 797 2151 quidem
823 2067 1024 2149 parte
1064 2050 1439 2148 plurimum
1468 2051 1709 2125 valent
1740 2107 1766 2145 ,

235 2149 432 2246 quod
465 2149 740 2248 poffunt
767 2203 792 2240 ,
843 2150 965 2222 nist
988 2149 1262 2222 aurium
1283 2148 1552 2224 habere
1585 2148 1767 2242 judi·-

238 2247 473 2323 cium?
501 2250 653 2322 Cur
685 2247 822 2322 alia
856 2248 1306 2361 paucioribus
1340 2248 1575 2324 verbis
1600 2247 1764 2321 satis

238 2344 448 2441 plena
475 2402 500 2438 ,
545 2346 667 2422 vel
708 2347 1001 2419 nimium
1026 2402 1054 2440 ‚
1093 2347 1233 2419 alia
1264 2343 1574 2443 pluribus
1604 2345 1764 2419 bre-

238 2442 363 2515 via
398 2445 476 2516 &
506 2442 783 2519 absciffa
807 2444 1020 2520 sunt?
1053 2445 1212 2517 Cur
1245 2444 1318 2515 in
1351 2442 1762 2517 circunduc-

237 2538 551 2613 tionibus
600 2543 813 2618 etiam
857 2544 1023 2619 etun
1060 2541 1288 2615 sensus
1328 2538 1562 2612 finitus
1613 2538 1760 2631 est,

229 2638 505 2738 aliquid
532 2656 769 2714 tamen
804 2641 950 2716 loci
974 2664 1235 2716 vacare
1262 2637 1545 2716 videtur
1571 2639 1601 2712 ἒ
1623 2641 1759 2711 Ne-
1855 2705 1914 2758 V
2065 2721 2072 2728 ,

234 2741 464 2809 minem
496 2741 758 2844 vcssnim
786 2743 1076 2837 ignorare
1100 2741 1367 2810 arbitror
1390 2788 1418 2825 ,
1441 2740 1701 2832 judices
1726 2791 1755 2827 ,
1781 2723 1825 2823 1³}
1900 2725 1999 2760 err.
2019 2728 2074 2798 π’·

226 2838 399 2907 bunc
410 2840 729 2931 per'hosce
754 2843 888 2911 dies
897 2841 1252 2933 firmorum
1291 2841 1470 2934 vulgi
1494 2892 1519 2928 ,
1564 2837 1754 2933 atqui

225 2937 399 3005 hanc
421 2938 785 3029 opinionem
795 2941 1027 3030 populi
1042 2934 1539 3036 Romnzfhffe.
1563 2938 1750 3025 Cur,

227 3032 400 3120 hosce
429 3082 454 3117 ‚
478 3033 743 3199 ¹potius
784 3059 998 3133 quam
1044 3037 1158 3105 hos
1188 3039 1228 3106 ,ἢ
1271 3058 1502 3132 neque
1560 3032 1749 3104 enim

223 3144 388 3202 etat
434 3154 470 3201 a
502 3156 776 3228 perum.
828 3132 1212 3210 Rationem
1257 3128 1545 3207 fortaffe
1600 3151 1747 3203 non

430 3229 615 3312 Tom.
666 3235 776 3315 ΙΙ.
1444 3226 1515 3304 H
