2250 3761
536 186 685 256 4¹0
758 233 761 238 .
827 164 1025 238 L113.
1096 161 1287 235 ΧῙΙ.
1354 160 1583 235 CAP.
1660 161 1811 236 IX:

538 277 850 354 dicendis
873 278 1075 352 inseri
1108 278 1336 377 poffit.
1383 279 1606 371 Quod
1632 279 1682 351 fi
1703 271 1832 353 fiat
1853 334 1887 374 ,
1921 297 2095 356 non'

534 379 849 456 ‚cohaeret
871 430 894 467 ,
942 403 1075 450 nec
1110 376 1565 452 commiffuris
1587 378 1856 469 modo,
1891 397 1980 452 ut
2003 382 2088 453 in

530 499 760 570 ⁶opere
787 474 971 552 male
1003 474 1234 568 juncto
1256 530 1281 566 ,
1311 473 1662 547 hiantibus
1684 529 1708 567 ,
1742 475 1870 547 sed
1928 475 2084 573 ipsa

541 571 795 644 coloris
826 572 1298 669 inaequalitate
1330 571 1705 669 detegitur.
1731 613 1761 641 α
1789 575 1906 645 Ita
1938 598 2083 666 nec

534 651 721 741 liber
761 668 857 740 est
901 669 1199 766 impetus
1226 723 1249 758 ,
1299 693 1431 742 nec
1467 693 1636 742 cura
1673 687 2073 766 contexta,

530 769 618 844 &
677 783 1052 863 utrumque
1096 765 1298 840 alteri
1352 765 1602 840 obstat.
1688 767 1817 840 Illa
1874 768 2080 840 enim*
2187 793 2188 836 1

538 889 695 960 quae
746 863 994 959 scripta
1059 863 1214 935 sunt
1250 916 1270 945 ‚
1343 862 1643 937 retinent
1706 863 2025 937 animum
2046 920 2073 957 ,

539 984 685 1031 non
734 961 1141 1056 sequuntur.
1211 963 1454 1058 Itaque
1489 961 1561 1032 in
1612 960 1717 1035 his
1757 962 2073 1035 aelioni-

534 1058 672 1136 bus
722 1056 955 1146 omni,
985 1076 1065 1130 ut
1115 1061 1141 1106 b
1192 1058 1515 1156 'agricolae
1552 1057 2082 1155 dicunt,pedes
2183 1133 2186 1146 ,

541 1156 853 1242 standum
887 1156 1003 1231 est.
1051 1156 1234 1227 Nam
1284 1156 1440 1228 citm
1470 1155 1544 1226 in
1578 1156 2067 1253 propositione

541 1276 628 1324 ac
661 1252 1085 1334 refutatione
1111 1252 1312 1325 causa
1341 1251 1653 1327 consistat
1673 1309 1698 1344 ,
1752 1278 1918 1350 quae
1942 1279 2071 1327 no-

543 1348 709 1436 strae.
742 1351 956 1445 partis
1008 1350 1202 1440 sunt,
1253 1348 1504 1445 scripta
1529 1350 1693 1426 ,effe
1738 1351 2066 1446 poffunt:

545 1470 701 1540 quae
752 1446 961 1518 etiam
1017 1445 1503 1543 responsurum
1574 1448 2067 1521 adversarium

547 1559 820 1632 certum
838 1544 935 1617 est
957 1544 1094 1632 (est
1119 1545 1306 1615 enim
1329 1543 1707 1641 aliquando
1730 1559 2064 1636 certum)

546 1638 700 1735 pari
728 1664 890 1716 cura
911 1641 1356 1716 refelluntur.
2171 1703 2182 1732 ι

550 1797 555 1804 ,
641 1738 749 1815 Ad
777 1739 914 1821 alia
941 1765 1156 1817 unum
1191 1756 1507 1836 paratum
1536 1738 1772 1814 afferre
1809 1738 2063 1837 poffu-
2171 1767 2178 1794 =

548 1860 701 1921 mus
723 1891 745 1928 ,
782 1859 856 1909 ut
884 1838 1157 1910 causam
1189 1838 1370 1918 bene
1403 1837 1846 1919 noverimus:
1879 1837 2070 1912 alte·

548 1957 707 2009 rum
737 1934 837 2005 ibi
882 1935 1196 2026 sumere,
1235 1954 1313 2017 ut
1346 1935 1696 2008 dicentem
1727 1934 2070 2010 adversa-

549 2028 730 2099 rium
764 2031 1134 2126 diligenter
1175 2034 1556 2107 audiamus.
1602 2033 1796 2105 Licet
1818 2049 2068 2110 tamen
2175 2048 2182 2057 '

551 2125 1009 2224 praecogitare
1056 2132 1301 2224 plura,
1336 2134 1411 2205 &
1439 2132 1737 2203 animum
1775 2131 1867 2200 ad
1907 2154 2072 2207 orn-

552 2245 680 2293 nes
729 2223 918 2295 casus
967 2250 1427 2323 componere:
1461 2229 1666 2325 idque
1700 2225 1797 2298 est
1830 2229 2068 2300 tutius

553 2317 779 2419 stylo,
832 2347 975 2420 quo
1017 2324 1285 2397 facilius
1313 2327 1392 2399 δι
1420 2324 1772 2399 omittitur
1801 2325 2075 2422 cogita-

561 2417 665 2502 tio
685 2474 709 2512 ,
748 2422 1286 2504 &transferam

592 2619 828 2680 raeparatis
859 2588 952 2668 iilis
1013 2633 1164 2675 artem
1197 2637 1285 2669 ex*
1345 2623 1542 2671 moriter
1565 2622 1783 2673 recitant.

554 2695 745 2742 cxrpere
781 2685 830 2729 8(
864 2683 971 2732 avel
993 2698 1101 2745 ete,
1138 2701 1284 2749 quam
1404 2684 1432 2733 b
1469 2683 1857 2734 Proverbiuniest
1873 2684 1935 2732 ab
1951 2684 2080 2751 agri-

558 2759 621 2810 ςκ
658 2757 753 2791 tern
790 2760 871 2793 ore
905 2746 1115 2796 dicendis
1156 2751 1285 2798 mse-
1345 2749 1463 2799 colis
1499 2751 1697 2798 ductum
1729 2786 1746 2809 ,
1813 2752 1897 2814 qui
1968 2750 2082 2799 etim

560 2820 687 2856 rant.
714 2821 725 2833 ‘
775 2825 960 2859 urman.
1345 2813 1556 2862 maxime
1582 2814 1843 2867 laborant,
1862 2814 1994 2860 utris
2024 2831 2082 2862 ue

528 2896 532 2900 ·
621 2885 650 2917 a
684 2864 764 2929 Ita
801 2890 885 2922 ncc
907 2873 1030 2923 liber
1055 2872 1118 2930 est
1143 2873 1284 2939 irnpe-
1346 2879 1554 2926 maxime
1609 2877 1654 2924 se
1689 2874 1886 2938 pedibus
1939 2875 1997 2924 su
2038 2880 2081 2924 i·

557 2946 634 2981 tus
656 2969 673 2989 ,
694 2939 760 2984 “in
797 2940 854 2985 iis
884 2942 989 3003 quae'
1024 2936 1190 2987 dicunt
1228 2956 1283 2988 ex
1347 2956 1488 3001 nent,
1509 2939 1693 3005 alioqui
1711 2940 1965 2996 vehemens
1986 2938 2083 2991 etse

552 3013 769 3062 tempore
787 3030 800 3051 ‚
827 3008 910 3048 nec
932 3016 1049 3047 cura
1079 3016 1282 3067 contexe
1346 3005 1481 3056 labot
1508 3019 1608 3056 non
1628 2998 1799 3069 poffet,
1835 3000 1997 3057 Turn.

559 3077 655 3120 ta·,
697 3065 825 3116 iniis
850 3079 958 3128 quae
980 3065 1156 3129 {cripta
1170 3083 1279 3116 me·
1798 3081 1803 3085 ·
