2250 3761
531 149 666 226 188
887 148 1098 220 Lm.
1159 124 1259 220 xi
1319 144 1550 219 cn.
1601 147 1661 220 1.

516 265 852 341 Pollionis
912 269 992 341 &
1054 262 1266 339 caffii
1301 319 1325 356 ,
1384 288 1519 338 reo
1575 264 1964 364 Aspernate
2008 328 2037 370 ‚

514 366 819 464 aliasque
851 361 1218 462 plurimas,
1264 362 1462 455 Quin
1484 361 1702 436 etiam
1726 364 1777 437 fi
1807 372 2037 448 minus

511 487 715 562 pares
738 461 1208 554 videbuntur,
1235 461 1487 561 aliquae
1503 479 1744 537 tamen
1761 469 1851 540 ad
1870 494 2048 569 cog,

510 559 934 636 noscendam
956 560 1184 634 litium
1217 559 1666 658 quaestionem
1701 564 1888 638 reete
1921 593 2037 641 re-

461 711 466 714 ·
507 657 916 757 quirentur:
958 678 1040 732 ut
1064 675 1317 734 contra
1349 658 1725 733 Ciceronis
1758 666 2032 737 oratio-

510 783 637 831 nes
679 812 704 850 ,
763 757 1164 831 Tuberonis
1218 757 1293 829 in
1340 757 1437 850 Q.
1490 757 1895 857 Ligarium,
1942 765 2030 839 δι

506 856 859 954 Hortensii
888 880 1021 953 pro
1043 860 1295 930 Verre.

605 953 802 1049 Quin
826 955 1037 1029 etiam
1067 954 1344 1029 easdem
1371 954 1608 1030 causas
1629 973 1709 1028 ut
1733 956 2026 1056 quisque

508 1052 735 1150 egerit
757 1107 779 1143 ‚
820 1052 996 1125 utile
1037 1053 1170 1125 erit
1195 1052 1393 1127 scire.
1429 1055 1615 1125 Nam
1646 1079 1777 1152 pro
1802 1056 2028 1130 domo

508 1149 880 1224 Ciceronis
896 1150 1070 1223 dixit
1090 1149 1435 1224 Callidius
1454 1208 1477 1242 ‚
1509 1156 1584 1227 &
1604 1177 1733 1251 pro
1751 1155 2029 1228 Milone

503 1249 906 1323 orationem
944 1250 1198 1322 Brutus
1242 1249 1754 1325 exercitationis
1794 1251 2045 1348 gratia,

375 1379 380 1384 ·
499 1346 761 1446 scripfit
790 1403 815 1440 ,
865 1346 1128 1421 etiamsi
1175 1347 1383 1451 egisse
1436 1373 1599 1421 eum
1641 1348 2028 1423 Cornelius

174 2538 269 2590 Or·
293 2552 409 2602 ¹⁰4·

115 2746 122 2765 '
176 2738 293 2792 Art·
322 2742 456 2796 Poi't.

116 2819 149 2868 3
156 2820 176 2867 5
181 2821 237 2864 9·

503 1445 751 1519 Celsus
772 1446 953 1519 falso
980 1445 1341 1521 existimat.
1375 1448 1460 1519 Et
1479 1446 1707 1519 Pollio
1735 1471 1814 1521 ac
1831 1446 2025 1521 Mes-

498 1543 639 1617 sala
655 1544 1115 1624 defenderunt
1130 1544 1435 1618 eosdem.
1457 1547 1546 1615 Et
1568 1545 1767 1617 nobis
1785 1545 2024 1643 pueris

497 1641 788 1754 insignes
817 1666 949 1740 pro
977 1642 1336 1714 Voluseno
1365 1642 1623 1713 Catulo
1644 1697 1667 1732 ‚
1712 1642 2025 1719 Domitii

496 1739 648 1813 Afn
686 1794 711 1831 ‚
773 1738 1004 1835 Crispi
1056 1737 1396 1829 Paffieni,
1440 1738 1729 1812 Decimi
1776 1740 1965 1815 Laelii
1990 1795 2021 1837 ,

498 1838 860 1912 orationes
884 1834 1316 1912 ferebantur.

578 1936 867 2022 NEQUE
914 1932 987 2005 id
1031 1932 1259 2006 statim
1305 1931 1567 2033 legenti
1614 1934 2020 2032 persuasum

491 2035 573 2105 fit
589 2087 610 2123 ‚
646 2033 876 2105 omnia
900 2057 1057 2132 quae
1071 2033 1303 2130 magni
1330 2034 1646 2107 audiores
1665 2034 1966 2107 dixerint
1982 2087 2017 2128 ‚

490 2131 736 2231 utique
781 2131 916 2204 effe
961 2131 1291 2229 perfesta.
1343 2133 1528 2206 Nam
1561 2136 1640 2207 &
1679 2132 2017 2208 labuntur

490 2229 871 2330 aliquando
896 2285 918 2322 ‚
968 2234 1049 2306 &
1093 2230 1295 2304 oneri
1333 2232 1641 2323 cedunt,
1680 2233 1758 2305 δε
1788 2230 2020 2303 indul-

491 2346 659 2428 gent
728 2328 1171 2428 ingeniorum
1237 2328 1523 2403 suorum
1580 2328 1938 2425 *voluptati
1981 2387 2013 2424 ,
2120 2422 2125 2429 ι

489 2453 622 2500 nec
648 2427 922 2526 semper
944 2427 1311 2503 intendunt
1330 2429 1637 2501 animum
1664 2482 1689 2519 ‚
1734 2431 1810 2502 δε
1829 2450 2013 2498 non-

487 2552 847 2625 nunquam
912 2524 1292 2624 fatigantur
1351 2555 1370 2600 :
1447 2528 1606 2601 cum
1673 2525 2006 2599 Ciceroni

490 2626 873 2698 dormitare
918 2625 1199 2696 interim
1249 2624 1760 2698 Demosthenes
1790 2677 1812 2716 ‚
1854 2624 2031 2696 Ho-

490 2723 677 2794 ratio
744 2722 959 2794 etiam
1022 2723 1376 2794 Homerus
1437 2722 1580 2820 ipse
1649 2721 2011 2798 videatur.

491 2817 759 2889 Summi
806 2816 992 2890 enim
1045 2817 1202 2890 sunt
1243 2877 1262 2904 ,
1317 2819 1639 2895 homines
1693 2836 1925 2893 tamen
1974 2846 2006 2908 3

490 2914 886 3026 acciditque
936 2915 1021 2986 iis
1070 2915 1191 3014 qui
1235 2916 1570 3028 quicquid
1617 2916 1799 3016 apud
1836 2917 2014 3005 *illos

491 3028 907 3112 repererunt
934 3070 952 3097 ,
992 3012 1275 3089 dicendi
1321 3016 1549 3115 legem
1588 3031 1834 3113 putant
1859 3068 1881 3103 ,
1920 3033 2011 3087 <ut

393 3136 399 3144 ·
489 3114 849 3189 deteriora
895 3110 1262 3189 imitentur
1311 3129 1338 3211 (
1369 3115 1444 3189 id
1477 3115 1667 3191 enim
1700 3111 1797 3190 est
1834 3111 2015 3199 faci-ff
