2250 3761
543 188 684 271 72⁷
737 173 944 244 Lm.
1040 167 1277 243 VIII.
1357 164 1582 240 CA'P.
1662 153 1851 242 1'V.‘

541 284 698 359 fieri
724 282 1302 383 amplificationes
1325 338 1348 373 ,
1385 282 1751 358 videamus
1776 308 1865 356 an
1894 282 2059 359 sati-s

538 404 672 496 pro
722 383 836 454 rio
867 382 1100 458 verbo
1137 372 1685 480 fignificaverim.
1714 383 1869 455 Nec
1907 383 2097 455 sum<

486 500 487 503 ’
538 504 612 550 m
659 409 796 551 lioc
824 478 1178 569 felicum,
1218 480 1385 550 dum
1424 502 1533 550 res
1568 478 1710 574 ipsa
1735 480 2060 554 volenti-

538 576 672 648 bus
697 576 959 653 discere
1011 593 1369 674 appareat.
1437 577 1597 648 Hoc
1634 575 1784 648 sum
1812 593 2058 651 tamen

539 671 817 748 secutus
860 731 885 766 ‚
934 674 1131 774 qubd
1192 675 1343 748 haec
1388 672 1837 770 amplificatio
1883 674 2059 746 alibi

540 771 762 867 pofita
792 774 892 846 est
909 825 936 860 ,
970 773 1134 846 alibi
1154 774 1350 848 valet
1374 799 1393 845 :v
1423 789 1501 844 ut
1528 771 1716 843 aliud
1742 771 2002 847 crescat
2025 827 2051 862 ,

408 952 415 961 k
540 869 729 959 aliud
762 888 1056 969 augetur
1083 897 1109 958 3
1158 871 1319 943 inde
1356 870 1442 942 ad
1468 869 1539 940 id
1569 870 1764 967 quod
1805 870 2054 942 extolli

538 968 873 1044 volumus
903 1021 928 1055 ,
960 969 1146 1042 ratio
1191 967 1584 1061 deducitur.
1630 965 2053 1060 Objeiiurus

396 1076 403 1083 '
538 1066 864 1138 Antonio
894 1067 1152 1140 Cicero
1200 1091 1473 1140 merum
1521 1069 1599 1140 δε
1632 1065 1985 1138 vomitum
2025 1092 2047 1139 ε
2085 1128 2104 1139 ,

174 1217 215 1251 2·
233 1198 418 1270 Philip.
438 1211 516 1264 63·
543 1167 646 1234 Tu
678 1219 702 1256 ‚
735 1164 1002 1263 inquit,
1037 1165 1484 1265 istisfhucibus
1512 1215 1537 1249 ,
1568 1166 1702 1263 istis
1720 1166 2046 1252 lateribus,

535 1263 656 1362 ista
698 1265 1089 1358 gladiatoria
1164 1266 1358 1334 totius
1413 1266 1685 1356 corporis
1714 1264 2050 1352 firmitate.

536 1359 734 1453 Quid
769 1359 1010 1455 fauces
1052 1359 1389 1434 &latera
1430 1362 1519 1435 ad
1573 1360 2048 1445 ebrietatem?

533 1457 831 1531 Minime
865 1459 1018 1532 sunt
1066 1458 1315 1532 otiosa.
1374 1459 1559 1533 Nam
1585 1455 2039 1552 respicientes

534 1555 626 1628 ad
647 1557 819 1648 haec,
837 1557 1196 1653 poffumus
1216 1555 1552 1627 aestimare
1567 1556 1904 1651 quantum
1926 1553 2049 1625 ille

530 1652 682 1726 vini
702 1655 772 1725 in
795 1655 1069 1751 Hippiae
1085 1653 1346 1748 nuptiis
1381 1649 1778 1737 exhauserit
1798 1702 1820 1736 ‚
1852 1650 2054 1747 quod

529 1749 720 1821 ferre·
767 1755 846 1823 δε
908 1773 1217 1845 coquere
1272 1771 1417 1818 non
1457 1745 1680 1842 poffet
1727 1745 1846 1818 illa
1900 1749 2058 1844 gla-

528 1844 825 1919 diatoria
867 1843 1187 1943 corporis
1230 1842 1580 1917 firmitate.
1625 1846 1809 1943 Ergo
1850 1842 1900 1915 fi
1954 1869 2054 1920 ex

527 1944 673 2040 alio
709 1943 1063 2042 colligitur
1097 1943 1285 2016 aliud
1310 1994 1337 2028 ‚
1365 1967 1496 2020 nec
1529 1941 1989 2040 improprium
2017 1997 2044 2035 ,

527 2066 665 2117 nec
710 2041 1125 2115 .im-1fitatum
1182 2065 1444 2115 nomen
1513 2040 1614 2116 est
1662 2040 2046 2115 ratiocina-

527 2139 760 2213 tionis·
1084 2155 1087 2158 ’
1818 2157 1823 2163 ’

623 2238 737 2311 Sic
763 2263 854 2313 ex
878 2236 1396 2337 insequentibus
1425 2236 1875 2336 amplificatio
1913 2236 2044 2309 du-

522 2333 729 2411 citur.
751 2336 1106 2435 Siquidem
1134 2353 1328 2410 tanta
1344 2336 1453 2412 vis
1482 2337 1612 2408 fuit
1646 2336 1790 2413 vini
1816 2360 2046 2407 erum·

517 2435 755 2533 peritis
771 2490 795 2529 ,
824 2452 905 2507 ut
922 2459 1067 2507 non
1087 2435 1322 2508 casum
1344 2435 1622 2510 afferret
1640 2451 1759 2507 aut
1780 2432 2046 2508 volun-

522 2549 745 2607 tatem
776 2589 801 2626 ,
861 2533 982 2608 sed
1032 2534 1503 2608 neceffitatem
1531 2588 1553 2624 ,
1599 2532 1719 2605 ubi
1754 2530 2070 2605 minime·

410 2653 421 2667 ¹
523 2628 852 2720 deceret,
877 2631 1216 2703 vomendi
1241 2657 1259 2703 ε
1284 2634 1361 2704 &
1383 2631 1581 2705 cibus
1606 2654 1749 2703 non
1767 2653 2041 2724 recens,

524 2742 606 2795 ut
634 2725 953 2799 accidere
996 2726 1273 2797 interim
1314 2727 1489 2799 solet
1512 2783 1535 2819 ,
1569 2729 1986 2804 redderetur
2010 2781 2037 2821 ,

525 2821 646 2992 {gl
679 2821 802 2920 qui
823 2821 1040 2922 usque
1073 2822 1147 2894 in
1170 2821 1525 2920 posterum
1568 2826 1755 2901 diem
1782 2825 2040 2899 redun-

619 2936 755 2994 ret.

639 3019 831 3093 Idem
850 3017 992 3092 hoc
1006 3018 1321 3116 praestant
1336 3046 1489 3120 quae
1507 3016 2050 3102 antecefferunta

527 3117 896 3195 Namfctun
919 3117 1164 3193 AEolus
1191 3118 1232 3195 a*
1258 3120 1527 3195 Junonfe
1545 3133 1831 3220 rogatus
1852 3172 1876 3206 ,

1787 3220 2035 3291 Carum
