2250 3761
378 137 525 212 DE
622 135 1450 221 Pnuosopnu.
1558 160 1694 240 375

162 255 388 341 ribus
419 253 609 327 libris
640 256 718 329 &
759 251 1060 351 epistolis
1087 252 1375 327 testatur
1404 308 1425 337 ,
1461 254 1705 330 dicen·

170 354 257 425 di
295 353 713 427 facultatem
743 379 832 426 ex
870 351 1131 424 intimis
1169 352 1518 449 sapientiae
1551 354 1714 426 fon·

117 477 136 483 ’
173 451 379 524 tibus
429 453 643 524 fluere
682 481 698 525 ε
745 451 1054 547 ideoque
1105 450 1507 549 aliquandiu
1546 477 1719 548 prae·

175 568 518 646 ceptores
549 550 833 624 eosdem
859 547 1044 622 fuifl'e
1065 574 1346 623 morum
1375 569 1589 649 atque
1607 548 1719 622 di·-

179 649 423 724 cendi.

291 749 755 843 Quapropter
783 747 928 817 haec
952 744 1360 819 exhortatio
1387 771 1540 818 mea
1571 770 1717 819 non

186 842 289 917 εὸ
325 845 630 942 pertinet
655 900 677 936 ‚
723 866 802 916 ut
830 844 966 918 effe
1009 861 1373 917 oratorem
1419 843 1721 941 philoso-

183 943 409 1040 phum
457 942 674 1017 velim
727 996 751 1033 ,
814 945 1096 1040 quando
1151 967 1290 1014 non
1367 945 1500 1015 alia
1550 943 1720 1017 vitae

182 1039 367 1115 festa
410 1040 690 1138 longius
727 1041 766 1111 ὲ
809 1042 1135 1117 civilibus
1182 1040 1428 1113 officiis
1454 1096 1477 1133 ,
1505 1060 1721 1139 atque

182 1139 282 1212 ab
319 1137 515 1215 omni
539 1161 833 1208 munere
874 1139 1175 1210 oratoris
1198 1139 1495 1211 receffit.
1535 1139 1723 1210 Nam

188 1235 360 1335 quis
397 1232 977 1331 philosophorum
1023 1250 1144 1307 aut
1184 1232 1553 1327 injudiciis
1586 1235 1725 1308 fre·

192 1357 428 1433 quens
450 1386 480 1422 ,
506 1348 629 1405 aut
673 1331 900 1407 clarus
934 1330 1006 1402 in
1042 1331 1502 1408 concionibus
1531 1331 1665 1404 fuit
1688 1335 1719 1408 i·

196 1432 390 1526 Quis
432 1430 739 1524 denique
796 1429 865 1501 in
920 1429 1115 1527 ipsa,
1169 1430 1380 1528 quem
1429 1429 1728 1503 maxime

192 1533 524 1629 plerique
568 1552 814 1605 eorum
856 1528 1226 1606 vitandam
1267 1527 1677 1626 praecipiunt
1704 1582 1730 1621 ,

195 1627 658 1725 Reipublicae.
715 1626 1305 1705 administratione
1407 1626 1728 1702 versatus

198 1727 362 1803 est?
421 1728 637 1824 Atqui
701 1751 836 1824 ego
883 1726 1080 1799 illum
1133 1752 1357 1824 quem
1390 1725 1730 1818 institu0‚

199 1827 605 1900 Romanum
630 1826 1007 1925 quemdam
1042 1826 1264 1902 velim
1305 1826 1441 1900 effe
1468 1825 1732 1922 ffipien-

204 1942 354 2014 tem
381 1979 403 2015 ,
445 1926 735 2021 quinon
759 1924 1042 1999 secretis
1082 1925 1667 2024 disputationibus
1700 1977 1730 2012 ,
1850 1957 1855 1966 ·

199 2022 327 2097 sed
353 2047 585 2100 rerum
612 2023 1107 2119 experimentis
1138 2042 1352 2123 atque
1391 2024 1728 2123 operibus

205 2123 382 2200 vere
409 2120 691 2197 civilem
724 2120 954 2197 virum
985 2123 1353 2210 exhibeat&
1397 2126 1537 2197 Sed
1562 2123 1731 2237 quia

205 2221 477 2302 deserta
515 2221 601 2293 ab
645 2219 728 2293 iis
758 2276 781 2309 ,
821 2220 946 2317 qui
981 2219 1048 2296 se
1101 2224 1187 2296 ad
1243 2223 1729 2319 eloquentiam

212 2321 661 2396 contulerunt
685 2370 710 2406 ‚
735 2317 953 2386 studia
982 2317 1341 2410 sapientiae
1361 2370 1384 2404 ,
1416 2342 1561 2388 non
1588 2317 1730 2406 jam

214 2419 288 2489 in
312 2417 467 2488 aftu
496 2414 622 2485 suo
643 2466 665 2502 ‚
690 2429 906 2508 atque
933 2409 1003 2480 in
1039 2411 1169 2486 hac
1195 2410 1333 2483 fori
1366 2412 1522 2483 luce
1560 2438 1730 2485 ver-

216 2513 451 2589 santur
477 2566 497 2608 ,
523 2511 641 2582 sed
668 2509 741 2581 in
773 2506 1081 2604 porticus
1105 2513 1185 2583 δι·
1209 2506 1559 2607 gymnasia
1590 2508 1735 2606 pri-

215 2614 440 2701 mum,
473 2632 640 2681 mox
678 2609 748 2680 in
775 2625 1165 2681 conventus
1189 2606 1580 2680 scholarum
1615 2633 1731 2682 re-

219 2708 558 2785 cefferuut
584 2764 605 2799 ,
633 2707 702 2787 id
748 2706 953 2804 quod,
976 2707 1076 2780 est-
1120 2707 1391 2779 oratori
1421 2707 1726 2783 necessa-

185 2827 186 2830 ’
221 2808 396 2883 rium
418 2863 439 2900 ,
466 2832 596 2884 nec
625 2807 663 2882 ὲ
702 2803 973 2880 dicendi
1009 2805 1556 2904 praeceptoribus
1577 2825 1726 2881 tra-

219 2906 440 2999 ditur,
466 2905 658 2980 abiis
683 2922 923 3002 petere
951 2903 1274 2980 nimirum
1289 2907 1556 2982 neceffe
1583 2907 1718 2999 est,

224 3006 400 3105 apud
433 3028 611 3101 quos
638 3003 979 3078 remansit.

305 3101 702 3184 Evolvendi
763 3101 1038 3204 penitus
1088 3107 1404 3196 austeres
1454 3100 1578 3204 qui
1628 3101 1723 3178 de

1741 3294 1775 3306 ,-
