2250 3761
456 263 463 264 ff
566 193 720 283 435
868 183 1070 254 L113.
1142 177 1338 254 XII.
1398 181 1637 254 CAP.
1697 180 1806 256 X.·

564 302 902 378 vitiosum
942 304 1021 374 &
1052 316 1467 397 corruptum
1505 298 1789 372 dicendi
1827 319 2109 398 genus,

561 402 759 502 quod
817 419 939 473 aut
986 398 1378 474 verborum
1426 397 1707 471 licentia
1756 398 2106 490 resultat,

560 517 684 573 aut
727 497 1110 596 puerilibus
1146 495 1576 570 sententiolis
1611 495 1938 589 lascivit,
1973 514 2131 571 aut'·

557 596 946 672 immodico
977 612 1262 668 tumore
1294 594 1624 695 turgescit
1644 651 1669 688 ‚
1701 612 1825 669 aut
1857 596 2128 670 inani-·

558 696 690 768 bus
736 694 913 769 locis
944 694 1331 769 bacchatur
1353 748 1377 785 ‚
1423 711 1543 767 aut
1579 693 1831 767 casuris
1858 746 1882 780 ,
1910 695 1962 767 fi
1988 696 2097 770 le,

558 793 748 870 viter
785 791 1235 867 excutiantur
1272 843 1299 878 ‚
1349 791 1655 865 flosculis
1710 792 1931 886 nitet,
1967 812 2096 872 aut

558 891 941 993 praecipitia
997 909 1132 989 pro
1185 889 1594 986 sublimibus
1649 890 1914 985 habet,
1966 910 2122 966 aut·

556 992 787 1089 specie
830 987 1175 1066 libertatis
1217 989 1466 1062 insanit
1505 1043 1527 1080 ‚
1577 988 1793 1100 magis
1846 990 2100 1074 antisti·-⁴

557 1107 754 1163 mant
789 1087 1133 1186 populare
1182 1104 1396 1186 atque
1442 1087 1824 1185 plaufibxle.
2119 1145 2122 1150 -

605 1189 871 1281 *Quod
927 1186 1215 1285 quidem
1266 1186 1546 1283 placere
1596 1185 1838 1259 multis
1874 1240 1897 1278 ‚
1955 1207 2092 1261 nec

557 1285 835 1360 inficior
856 1341 878 1377 ,
912 1310 1044 1359 nec
1078 1285 1339 1357 miror:
1370 1283 1470 1357 est
1503 1284 1689 1358 enim
1718 1283 2114 1378 jucundi&-

444 1415 449 1420 ·
558 1384 657 1458 ris
679 1438 701 1475 ,
731 1410 814 1458 ac
845 1380 1372 1458 favorabilioris
1400 1382 1907 1481 qualiscunque
1934 1382 2091 1456 elo-

560 1482 865 1582 quentiae
898 1509 921 1571 ;
956 1483 1060 1579 &¹
1086 1483 1284 1556 ducit
1322 1480 1591 1554 animos
1627 1482 1936 1555 naturali
1965 1507 2118 1556 voh

559 1575 833 1680 luptate
876 1605 1024 1656 vox
1063 1581 1292 1654 omnis
1320 1635 1343 1673 ‚
1389 1604 1619 1679 neque
1655 1581 1936 1655 aliunde
1986 1580 2096 1653 illi

556 1705 686 1779 per
720 1680 878 1752 fora
928 1697 1141 1780 atque
1183 1703 1510 1779 aggerem
1545 1678 1806 1752 circuli.
1859 1679 2101 1770 Quod

556 1778 786 1851 minus
815 1778 1061 1850 mir-um
1086 1777 1186 1852 est
1207 1833 1231 1869 ‚
1266 1776 1462 1877 qubd
1490 1777 1663 1850 nulli
1694 1801 1828 1851 non
1857 1799 2095 1874 agen-

556 1878 738 1950 tium
762 1896 1006 1976 parata
1036 1876 1233 1976 vulgi
1276 1901 1541 1949 corona
1573 1876 1692 1951 est.
1721 1874 1868 1950 Ubi
1888 1875 2112 1951 verb·

557 1977 732 2076 quid
776 1976 1177 2076 exquisitim
1211 1976 1465 2049 dietum
1498 1976 1752 2051 accidit
1792 1974 2083 2049 autibus

558 2074 1046 2168 imperitorum
1073 2104 1103 2160 ‚·
1137 2074 1629 2173 qualecunque
1684 2074 1753 2147 id
1793 2128 1816 2163 ,
1884 2072 2081 2172 quod

456 2170 483 2181 “
555 2169 777 2242 ηιοάὸ
809 2170 875 2269 se
903 2171 1022 2270 ipfi
1046 2172 1239 2270 poffe
1272 2173 1680 2271 desperent,
1711 2171 1934 2243 habet
1963 2171 2085 2244 ad-

555 2267 1010 2343 mirationem
1034 2296 1316 2370 :neque
1352 2269 1761 2362 immeritb·;
1791 2294 1959 2345 nam
1994 2293 2086 2343 ne

557 2366 730 2440 illud
769 2369 1052 2467 quidem
1098 2369 1307 2443 facile
1339 2368 1470 2444 est.

612 2469 796 2540 --Sed
831 2467 1256 2541 evanescunt
1290 2467 1438 2544 haec
1465 2485 1684 2567 atque
1718 2467 2095 2543 emoriuna

556 2581 676 2637 tur
726 2565 1265 2663 comparatione
1319 2567 1746 2641 meliorum:
1799 2584 1881 2640 ut
1918 2568 2103 2647 lana,

556 2660 967 2735 tinaasfuco
1003 2664 1177 2737 citra
1204 2664 1893 2763 purpuramplacet:
1925 2683 2008 2738 at
2041 2665 2098 2739 fi

553 2760 941 2834 contuleris
991 2762 1207 2834 etiam
1239 2783 1274 2812 a·
1305 2764 1599 2837 lacernae
1633 2817 1657 2853 ‚
1708 2763 2114 2860 conspeEtu-

556 2858 1303 2951 mel-iorisvbruatun,
1346 2880 1428 2934 ut
1479 2860 1791 2934 Ovidius
1834 2864 1960 2934 ait.
2016 2863 2094 2938 Si

556 2957 739 3034 verb
762 2957 1105 3056 judicium
1127 2959 1230 3032 his
1251 2960 1599 3058 corruptis
1628 2959 1857 3033 acrius
1890 2960 2096 3034 adhi-

557 3086 858 3237 'kstaeezanuae
903 3119 1061 3172 minus
1117 3125 1382 3192 spknioris
1428 3126 1573 3175 habet
1612 3157 1633 3182 ,
1694 3123 1844 3192 quam
1904 3140 2099 3180 caetcrae
