2250 3761
490 157 632 255 236
727 189 732 196 -
810 146 1158 224 [ηδε.
1213 149 1427 222 cu.
1480 148 1671 222 vm
1712 173 1749 196 .
1800 155 1817 196 -·

487 272 743 359 discet,
799 269 1090 340 ducetur
1135 282 1294 338 ante
1328 264 1564 337 omnia
1592 280 1830 364 rerum
1859 264 2011 365 ipsi

486 368 658 462 serie
686 366 881 439 velut
900 364 1119 436 duce-2
1144 382 1435 460 propter
1456 363 1652 457 quod
1681 364 2006 439 homines

481 466 702 548 'etiam
721 461 1001 533 modice
1021 461 1387 535 exercitati
1407 466 1437 543 ‚'
1450 459 1776 534 facillime
1796 478 2010 535 teno-

482 563 631 633 re'm
664 559 735 630 in
769 558 1288 630 narrationibus
1329 557 1634 632 servant-3
1668 559 2008 652 Deinde,

475 656 650 770 ‘quid
676 679 962 754 quoque
986 656 1151 728 loco
1170 673 1521 754 quaeratur
1541 709 1563 744 ‚
1588 655 1840 728 scient:
1867 682 2001 731 nec

474 752 1148 851 circumspeEtabunt
1179 808 1200 844 ,
1255 777 1387 826 nec
1432 752 1882 832 offerentibus
1925 754 1999 827 se

475 851 759 925 aliunde
780 850 1071 924 sensibus
1109 849 1624 924 turbabuntur:
1670 875 1801 923 nec
1833 859 1997 923 con'·

473 949 772 1022 fundent
800 974 890 1021 ex
917 948 1197 1026 diverfis
1224 949 1615 1023 orationem
1637 1003 1660 1040 ‚
1683 948 1880 1022 'vel-ut
1901 949 2002 1023 sa·

479 1045 729 1120 lientes
778 1048 912 1120 huc
952 1046 1117 1121 illuc
1148 1102 1170 1137 ,
1221 1070 1350 1119 nec
1376 1047 1662 1144 usquam
1691 1044 1995 1118 insisten-

480 1162 612 1218 tes·
664 1143 1021 1218 Postremo
1071 1143 1432 1217 habebunt
1476 1144 1763 1216 modum
1803 1145 1882 1217 δι
1911 1142 1991 1214 fi-

479 1264 684 1332 nem,
732 1241 852 1341 qui
892 1241 1028 1316 effe
1073 1241 1249 1314 citra
1300 1239 1710 1315 divisionem
1761 1238 1991 1314 nullus

467 1339 728 1439 potest.
774 1339 1083 1437 Expletis
1129 1362 1261 1438 pro
1296 1337 1629 1412 facultate
1668 1337 1997 1411 omnibus

471 1457 638 1549 quae
668 1436 1159 1534 proposuerint
1183 1491 1207 1530 ,
1248 1437 1641 1536 pervenisse
1665 1436 1747 1509 se
1762 1437 1852 1510 ad
1889 1436 1998 1508 ul-

473 1552 723 1607 timum
747 1534 1064 1611 sentient.

471 1635 478 1644 '
567 1636 653 1705 Et
692 1633 838 1707 haec
885 1632 1170 1732 quidem
1195 1658 1286 1707 ex
1314 1633 1510 1707 arte:
1545 1631 1660 1710 illa
1688 1634 1869 1710 vero
1901 1658 1989 1706 ex

401 1761 405 1765 ·
471 1729 748 1824 studim
814 1748 890 1804 ut
952 1731 1226 1830 copiam
1281 1729 1619 1805 sermonis
1683 1732 1930 1829 optim1
1962 1786 1989 1824 ‚

477 1828 1067 1930 quemadmodum
1094 1845 1517 1929 praeceptum
1543 1827 1638 1904 est
1658 1882 1680 1922 ,
1713 1854 1988 1929 compa·

471 1940 711 2003 'remus
735 1955 752 1999 :
780 1929 1003 2001 multo
1026 1952 1107 2002 ac
1129 1926 1316 2002 fideli
1334 1927 1518 2027 stylo
1536 1927 1624 2001 fic
1643 1927 1993 2003 formetur

473 2026 712 2099 *oratio
736 2081 758 2117 ‚
808 2042 888 2097 ut
921 2025 1329 2125 scriptorum
1381 2026 1736 2116 colorem,
1769 2028 1988 2115 etiam

481 2149 635 2222 quae
665 2123 896 2195 subito
926 2116 1327 2216 effusa‘fint‚
1362 2124 1687 2207 reddant:
1724 2141 1800 2194 ut
1825 2124 1985 2194 cum

471 2222 691 2291 multa
743 2219 1206 2318 scripserimus
1227 2278 1249 2314 ‚
1287 2221 1497 2297 etiam
1546 2219 1758 2295 multa
1791 2219 1987 2291 dica-

469 2328 651 2390 inus,
684 2316 864 2392 Nam
887 2319 1322 2393 consuetudo
1346 2323 1420 2392 &
1446 2317 1852 2392 exercitatio
1880 2315 1984 2389 fa-

469 2413 812 2489 'cilitatem
835 2417 1133 2490 maxime
1157 2418 1373 2515 parit:
1446 2414 1606 2489 uaefi
1627 2415 1986 2512 paululum

465 2512 849 2586 'intermissa
880 2514 1087 2587 fuerit
1105 2571 1129 2606 ‚
1172 2542 1314 2588 non
1332 2443 1812 2589 veciocitasina
1840 2538 1993 2585 mo·

177 2636 206 2667 *
249 2604 574 2708 remandi>
602 2613 958 2696 tardatur,
985 2612 1099 2685 sed
1130 2617 1210 2696 &
1230 2618 1280 2675 ⁴<
1311 2612 1578 2712 νάρκημα
1599 2607 1816 2708 ipsum
1845 2609 1992 2715 coit

108 2705 294 2766 stupor.

467 2723 691 2804 fiatque
735 2708 1107 2803 concurrit.

577 2805 1005 2900 Quanquam
1054 2805 1238 2877 enim
1307 2831 1487 2906 opus,
1536 2805 1635 2879 est
1681 2804 1984 2880 naturali

473 2901 777 2998 'quadam
800 2902 1191 2977 mobilitate
1228 2904 1481 2997 animi,
1508 2914 1588 2977 ut·
1618 2904 1787 2981 dum
1814 2906 1978 3002 pross

471 2999 660 3070 'xima
706 2998 997 3073 dicimus
1030 3056 1051 3092 ‚
1084 3000 1346 3074 struere
1388 3000 1727 3076 ulteriora
1780 2998 1984 3099 possi-'-

473 3118 624 3169 mus
640 3153 662 3190 ,
685 3096 1084 3196 semperque
1112 3100 1408 3172 nostram
1427 3123 1679 3180 vocem
1698 3096 1986 3196 provisa
