2250 3761
519 166 644 242 DE
698 183 948 255 copta
997 164 1508 237 VERBORUM.
1666 188 1805 264 ¹99

287 285 623 359 firmanda
669 308 863 357 mens
909 336 932 376 ‚
993 284 1072 357 &
1114 281 1473 355 ducendus
1529 277 1626 353 est
1680 303 1807 355 co·
1904 299 1909 306 ·

290 385 432 458 lor.

385 484 486 552 lr
505 500 553 552 Α
574 501 626 567 Q
646 501 702 552 υ
720 495 764 548 E
802 453 891 549 *ex
925 476 1148 550 tribus
1183 475 1482 573 receptis
1518 473 1803 547 Aristar·
1884 497 1887 500 ’

284 577 396 653 chi
427 578 692 670 judicio
731 576 1183 672 scriptoribus
1226 576 1667 662 lamborum,
1711 573 1802 645 ad

280 678 325 716 ‘¹‘
357 681 476 766 ἕξιν
521 674 825 747 maxime
859 674 1234 770 pertinebit
1266 691 1444 745 unus
1481 670 1803 745 Archilo-

283 774 478 846 chus,
534 776 817 845 Summa
869 773 944 843 in
989 774 1128 847 hoc
1167 771 1276 845 vis
1328 769 1744 844 elocutionis
1779 816 1800 852 ‚

282 873 440 945 cum
476 870 772 961 validae,
827 888 974 942 tum
1008 867 1267 944 breves
1304 868 1795 966 vibrantesque

273 969 690 1062 sentemiae-‚
747 968 1132 1065 plurimum
1182 966 1526 1066 sanguinis
1579 983 1793 1064 atque

278 1092 591 1140 nervoru
599 1093 703 1164 m3:
726 1067 907 1139 adeo
923 1085 1002 1139 ut
1017 1067 1343 1141 videatur
1360 1064 1798 1165 quibusdam,

278 1164 474 1275 quod
494 1183 858 1276 quoquam
880 1166 1111 1237 minor
1127 1165 1259 1258 est,
1277 1163 1589 1239 materiae
1608 1162 1742 1239 effe
1766 1215 1796 1257 ‚

274 1286 418 1334 non
449 1262 706 1357 ingemi
741 1262 1017 1334 vitium.

372 1356 441 1426 N
446 1373 675 1428 ovEM
712 1358 895 1429 verb
930 1354 1347 1455 Lyricorum
1387 1358 1595 1457 longe
1640 1360 1801 1430 Pina

271 1454 485 1526 darus
511 1455 835 1551 princeps
863 1505 885 1545 ,
930 1449 1210 1552 spiritsts
1242 1455 1745 1550 magnificentia
1770 1508 1797 1548 ‚

271 1550 636 1625 sententiis
669 1608 694 1645 ‚
752 1551 995 1649 figuris
1022 1605 1046 1642 ,
1111 1550 1495 1625 beatiffima
1562 1577 1796 1626 rerum

273 1650 805 1748 verborumque
836 1649 1047 1760 copia
1067 1697 1090 1739 ,
1142 1651 1221 1725 δι
1254 1650 1452 1724 velut
1488 1652 1796 1749 quodam

233 1807 239 1811 .
268 1747 696 1846 eloquentiae
729 1747 1018 1820 flumme
1055 1774 1078 1832 ξ
1134 1765 1438 1859 Propter,
1463 1772 1621 1860 qu?
1641 1748 1792 1820 ΗΟ·
1850 1843 1865 1859 .

266 1844 484 1918 ratius
512 1871 673 1920 eum
712 1844 970 1920 merito
1002 1845 1225 1924 credit
1257 1848 1515 1924 nemini
1554 1845 1794 1936 imita»-

277 1938 519 2017 bilem-¹
1756 2000 1761 2003 Δ

360 2040 828 2117 Stesichorum
851 2093 879 2131 ‚
907 2043 1136 2143 -quam
1172 2042 1256 2117 fit
1294 2044 1583 2145 ingenio
1614 2045 1788 2122 vali-

263 2138 392 2210 dus
414 2195 437 2230 ‚
477 2141 791 2214 materiae
813 2166 1098 2240 quoque
1127 2143 1493 2218 ostendunt
1511 2199 1535 2236 ,
1566 2145 1788 2218 maxi-

262 2260 378 2309 ma
407 2237 593 2312 bella
624 2294 647 2329 ‚
690 2242 771 2316 &
808 2240 1208 2315 clariffimos
1245 2259 1615 2315 canentem
1655 2245 1781 2315 du-

159 2388 162 2389 r
259 2359 376 2407 ces
405 2391 427 2424 ‚
485 2340 564 2411 &
592 2337 775 2433 epici
814 2335 1136 2412 carminis
1163 2362 1380 2411 onera
1412 2339 1568 2437 lyra
1597 2340 1787 2411 susti-

259 2448 568 2508 nentem.
613 2435 874 2508 Reddit
905 2436 1097 2510 enim
1130 2434 1442 2532 personis
1476 2435 1549 2507 in
1577 2461 1788 2533 agen-

258 2526 357 2597 do
377 2526 568 2601 fimul
605 2531 1124 2633 loquendoque·
1142 2532 1457 2605 debitam
1487 2532 1785 2631 dignita-

257 2639 406 2694 tem
441 2651 465 2710 ;
523 2650 605 2700 ac
645 2629 694 2702 fi
737 2633 1058 2706 tenuiffet
1105 2631 1395 2705 modum
1426 2685 1450 2721 ,
1497 2631 1778 2707 videtur

255 2722 567 2795 aemulari
606 2728 961 2821 proximus
989 2728 1382 2805 Homerum
1413 2729 1710 2827 potuiffe
1741 2757 1770 2820 ;

249 2818 371 2892 sed
397 2821 741 2896 redundat
769 2880 791 2915 ‚
841 2846 1051 2926 atque
1091 2827 1466 2903 effunditur
1503 2855 1531 2916 ς
1573 2831 1770 2928 quod

247 2933 329 2989 ut
372 2917 471 2990 est
517 2921 1206 3021 reprehendendum,
1254 2927 1355 3000 ita
1398 2927 1621 3025 copiae
1654 2928 1769 3004 vi-

251 3014 423 3086 tium
450 3015 574 3090 est.

343 3113 616 3192 Alcaeus
640 3115 715 3191 in
748 3132 955 3217 parte
983 3122 1220 3220 operis
1248 3149 1467 3199 aureo
1495 3122 1761 3220 plectro

1375 3220 1508 3300 Iiv

1885 693 1909 718 ⁴
1934 694 2013 743 Ad
2041 691 2161 745 faci·

1816 758 2005 809 litatem
2024 777 2164 809 com-

1815 822 2097 891 parandam.

1813 1741 1922 1793 Lib.
1946 1764 1999 1810 4.
2025 1745 2124 1816 oa,

1811 1825 1843 1857 2

1818 3090 2003 3169 Horat.
2022 3118 2061 3167 l.
2077 3133 2132 3171 2.

1792 3174 1889 3228 Od.
1911 3192 1989 3244 13.
