2250 3761
519 131 665 219 140·
850 89 1040 200 Lm„
1109 122 1205 198 x.
1279 93 1683 202 cmm.
1798 160 1803 165 ι

516 244 648 317 bus
686 297 709 335 ‚
754 243 891 318 erit
928 242 1158 316 subito
1200 242 1529 317 continua
1563 243 1897 319 oratione
1943 246 2054 322 di·

517 343 860 431 cendum,
904 343 954 414 fi
1000 340 1379 453 particulas
1414 367 1592 439 quas
1634 344 1819 417 ceris
1847 369 2045 419 man-

516 440 761 513 damus
784 492 804 521 ,
845 439 966 511 nis1
1003 465 1076 511 in
1112 437 1482 511 solitudine
1537 442 1852 538 reperire
1887 468 2035 517 non

515 536 924 634 possumus?
970 538 1270 635 Propter
1308 562 1462 635 quae
1489 537 1680 610 idem
1726 540 1846 613 ille
1885 560 2039 613 tan-

512 652 628 707 tus
658 654 931 709 amator
950 635 1197 708 secreti
1222 634 1736 710 Demosthenes
1760 693 1783 728 ,
1821 638 1893 712 in
1919 638 2037 710 lit-

508 748 676 822 tore.
694 786 717 823 ,
751 734 822 804 in
848 734 1039 832 quod
1059 732 1128 806 se
1155 733 1463 806 maximo
1494 759 1653 806 cum
1696 734 1867 806 sono
1895 734 2032 807 flu-

510 828 657 902 stus
698 830 1003 905 illideret
1027 886 1050 921 ,
1086 831 1427 904 meditans
1458 886 1482 921 ,
1522 832 2030 906 consuescebat

514 928 942 1002 concionum
974 928 1297 1000 fremitus
1328 953 1470 999 non
1488 930 1989 1026 expavescere.

607 1028 730 1099 VI.
769 1028 971 1097 ILLA
1018 1051 1306 1124 quoque
1339 1026 1610 1099 minora
1647 1027 1823 1126 (sed
1847 1026 2020 1098 nihil

508 1126 580 1199 in
631 1123 863 1196 studiis
902 1149 1197 1221 parvum
1234 1122 1387 1224 est)
1428 1148 1572 1195 non
1606 1124 1758 1197 sunt
1803 1124 2022 1196 trans-

508 1224 789 1314 eunda,
844 1221 1044 1295 scribi
1084 1221 1354 1319 optime
1399 1222 1621 1316 ceris,
1655 1222 1728 1292 in
1760 1222 2016 1319 quihus

506 1321 834 1393 facillima
880 1320 978 1392 est
1017 1321 1204 1393 ratio
1265 1320 1544 1393 delendi
1591 1348 1610 1392 ε
1657 1319 1778 1391 nisi
1828 1320 2051 1391 forte.

499 1420 687 1495 visus
753 1418 1092 1491 infirmior
1152 1418 1716 1491 membranarum
1783 1417 2025 1514 potiils'

499 1518 699 1589 nsum
735 1519 1011 1614 exiget3
1041 1543 1198 1614 quae
1222 1537 1298 1587 ut
1320 1515 1569 1608 juvant
1610 1516 1832 1592 aciem
1859 1570 1883 1605 ,
1911 1514 2018 1587 ita

499 1616 749 1704 crebra
819 1614 1161 1688 relatione
1196 1668 1221 1704 ‚
1277 1615 1517 1710 quoad
1583 1612 2017 1712 intinguntur=

499 1712 800 1803 calami,
837 1731 1200 1782 morantur
1245 1735 1528 1781 manum
1557 1763 1584 1797 ,
1620 1713 1699 1783 &
1753 1711 2015 1811 cogita-

499 1810 711 1884 tionis
746 1810 1088 1904 impetum
1115 1808 1459 1905 frangunt.

594 1906 1091 2001 Relinquendae
1139 1926 1375 1978 autem
1407 1906 1478 1977 in
1515 1904 1852 1979 utrolibet
1883 1930 2014 2004 gea

409 2070 412 2079 ,
491 2028 667 2078 nere
700 2028 945 2076 vacuae
991 2004 1266 2074 tabellae
1298 2058 1321 2093 ,
1370 2003 1439 2072 in
1481 2001 1732 2094 quibus
1775 2004 2019 2077 libera'

498 2099 867 2193 adjiciendi
891 2098 979 2169 >fit
1024 2098 1360 2170 excursio.
1393 2098 1577 2168 Nam
1600 2094 1879 2168 interim
1907 2101 2029 2194 pi*-

469 2198 772 2302 -gritiam
826 2195 1243 2271 emendandi
1312 2192 1631 2292 angustiae
1661 2192 1943 2266 faciunt
1977 2253 2004 2288 ,

493 2299 619 2373 aut
638 2295 830 2370 certe
848 2319 1202 2371 novorum
1220 2292 1747 2392 interpositione
1766 2292 2006 2391 priora

493 2397 949 2475 conflandum.
1937 2417 1940 2419 “
2010 2414 2013 2417 ·

588 2497 701 2568 Ne
746 2496 918 2566 latas
968 2492 1250 2590 quidem
1297 2491 1480 2564 ultra
1535 2490 1823 2564 modum
1860 2489 1998 2562 effe

493 2598 690 2666 ceras
726 2590 988 2664 velim:
1031 2607 1357 2685 expertus
1383 2590 1716 2683 juvenem
1737 2587 1999 2659 studio-

487 2690 636 2762 sum
664 2687 926 2783 alioqui
957 2691 1348 2782 praelongos
1392 2685 1698 2758 habuiffe
1740 2685 2011 2757 sermo-'

484 2809 611 2860 nes
634 2840 658 2875 ,
684 2782 849 2881 quia
873 2782 1030 2854 illos
1048 2806 1343 2854 numero
1375 2784 1703 2857 versuum
1741 2782 1995 2854 metie-

483 2885 694 2960 batur
731 2909 749 2954 t
795 2879 1009 2977 idque
1059 2879 1360 2972 vitium,
1405 2882 1598 2978 quod
1639 2878 1992 2978 frequenti

484 2977 962 3058 admonitione
988 2977 1243 3076 corrigi
1264 3003 1409 3050 non
1433 2995 1805 3073 potuerat,
1837 3001 1992 3046 mu·-

483 3083 648 3159 tatis
689 3075 1231 3154 codicibuseffe
1264 3076 1629 3157 sublatum.
1743 3173 1819 3245 D
1865 3170 1908 3242 b

416 3182 418 3185 ’
1825 3196 1861 3243 e
1916 3184 1989 3244 et
