2250 3761
450 184 602 257 ’ΒΕ
669 180 1460 256 stposwrmnt:
1612 206 1697 256 ιι

194 296 412 383 ¹mina
435 357 457 392 ,
483 327 570 372 an
598 299 687 370 de
716 296 967 395 quibus
990 295 1325 389 judicium
1352 296 1450 370 est
1466 347 1492 381 ‚
1516 296 1708 393 prihs

221 402 535 497 objicere
557 453 581 488 ,
610 396 733 469 vel
750 394 1017 466 diluere
1038 395 1448 468 conveniat:
1472 393 1521 465 fi
1538 395 1711 465 mul-

217 499 499 600 tiplices
526 494 745 569 causae
768 508 973 564 erunt
992 542 1018 576 ,
1055 492 1210 588 quis
1237 493 1417 563 ordo
1442 491 1706 563 facien-

213 604 375 686 du5‚
394 619 555 693 quae
573 589 991 679 testimonia,
1006 589 1355 662 tabulaeve
1375 588 1707 687 cujusque

223 695 503 797 generis
541 691 614 762 in
634 687 928 760 -affione
957 687 1331 761 recitandae
1351 742 1373 778 ,
1412 712 1566 785 quae
1592 712 1709 759 re-

216 789 607 872 servandae.
668 787 838 859 Haec
881 783 980 858 est
1014 785 1212 859 velut
1251 785 1710 882 imperatoria

224 896 455 970 virtus
487 884 728 980 copias
775 883 930 955 suas
974 881 1341 978 partientis
1383 883 1475 954 ad
1512 881 1707 957 casus

219 991 631 1093 praeliorum
657 1037 682 1072 ‚
731 980 1098 1055 retinentis
1145 998 1377 1076 partes
1419 1004 1552 1077 pro
1600 998 1713 1052 ter

224 1087 515 1161 'castella
536 1079 796 1152 tuenda
819 1133 843 1168 ,
872 1077 1439 1151 custodiendasve
1464 1006 1670 1150 urges
1689 1127 1717 1167 ,

224 1184 581 1286 petendos
604 1194 1039 1250 commeatus
1063 1230 1085 1266 ,
1115 1176 1488 1249 obfidenda
1516 1175 1718 1255 itine·¹
1821 1178 1832 1189 ‘

223 1297 319 1369 'ra
336 1338 359 1373 ,
390 1282 561 1353 mari
592 1273 893 1371 denique
923 1299 1004 1348 ac
1029 1292 1215 1345 terra
1242 1273 1646 1349 dividentis.

361 1380 499 1451 Sed
528 1379 670 1447 haec
700 1374 768 1443 in
795 1373 1118 1444 oratione
1146 1371 1409 1464 praestat
1441 1371 1723 1454 omnia-,¹
1823 1434 1828 1438 .

230 1477 372 1551 cui
384 1472 702 1547 affuerint
713 1488 957 1543 natura
975 1525 997 1560 ,
1025 1467 1338 1539 dostrina
1356 1522 1380 1558 ,
1403 1466 1719 1538 studium.

246 1579 500 1670 Quare
513 1595 717 1644 nemo
735 1569 1053 1665 expe&et
1070 1621 1094 1656 ‚
1112 1583 1192 1637 ut
1206 1564 1435 1636 alieno
1450 1565 1721 1638 tantam

245 1676 492 1747 labore
517 1672 598 1743 fit
623 1667 943 1743 disertuS.
980 1663 1425 1762 vigilandum
1462 1663 1670 1735 ducat
1693 1714 1722 1753 ‚

238 1776 503 1849 iterum
544 1767 996 1854 enitendum,
1037 1760 1479 1860 pallendum:
1511 1759 1608 1833 est
1628 1759 1728 1831 fa-

238 1870 497 1948 cienda
529 1869 647 1943 sua
687 1866 941 1964 cuique
968 1863 1078 1936 vis
1103 1917 1125 1954 ,
1172 1862 1287 1934 sua
1322 1860 1549 1932 ratio:
1579 1882 1729 1931 non

252 1967 757 2066 respiciendum
790 1965 879 2035 ad
905 1962 1051 2031 haec
1080 2015 1104 2051 ,
1143 1959 1261 2033 sed
1299 1958 1371 2029 in
1399 1976 1730 2055 promptu

250 2068 571 2142 habenda
598 2095 628 2156 s:
684 2088 820 2136 nec
865 2078 1200 2156 tanquam
1255 2056 1506 2129 tradita
1535 2108 1558 2143 ,
1610 2052 1731 2128 sed

246 2185 583 2266 tanquam
602 2164 870 2235 innata.
890 2158 1078 2229 Nam
1100 2157 1292 2230 viam
1314 2152 1732 2228 demonstra-

249 2290 329 2340 re
345 2263 825 2340 velociterars
834 2255 1091 2360 potest,
1108 2255 1159 2327 fi
1173 2281 1309 2353 qua
1328 2245 1422 2332 est
1439 2280 1457 2325 ε
1479 2251 1729 2324 verim

249 2388 362 2438 ars
389 2362 554 2435 satis
579 2357 845 2458 praestat
859 2412 896 2447 a
938 2353 995 2430 -fi
1029 2354 1271 2450 copias
1314 2347 1733 2447 eloquentie

254 2462 456 2559 ponit
499 2460 575 2531 in
620 2453 857 2531 medio
892 2480 912 2526 τ
962 2451 1270 2527 nostrum
1320 2447 1419 2521 est
1465 2446 1574 2517 uti
1623 2445 1728 2518 eis

246 2559 459 2631 scire.
1058 2561 1065 2566 ’

358 2653 652 2751 Reliqua
676 2651 990 2749 partium
1016 2645 1113 2722 est
1147 2642 1426 2716 demum
1454 2633 1736 2735 dispofi-

254 2753 391 2829 tio,
445 2754 536 2824 Et
573 2750 642 2822 in
675 2752 778 2823 his
808 2748 960 2847 ipfis
991 2745 1253 2841 primus
1294 2738 1544 2837 aliquis
1577 2737 1736 2809 sen-

257 2854 366 2927 sus
392 2908 415 2942 ,
452 2851 534 2923 δε
566 2851 904 2923 secundus
932 2853 953 2933 '‚
986 2846 1064 2917 &
1090 2840 1334 2915 tertius
1369 2865 1386 2910 :
1435 2835 1556 2936 qui
1588 2858 1734 2907 non

257 2950 474 3025 modi>
509 2968 588 3022 ut
619 2948 747 3019 fint
792 2946 1038 3020 ordine
1072 2935 1453 3024 collocati,
1485 2933 1736 3005 elaboa-

256 3049 549 3121 randum
580 3046 679 3122 est
721 3072 744 3132 ;
776 3046 889 3117 {ed
912 3058 1003 3115 ut'
1023 3041 1206 3111 inter
1237 3028 1541 3122 sejuncti
1569 3081 1594 3117 ‚
1626 3042 1734 3097 at-

259 3172 395 3248 que
410 3149 511 3222 ita
531 3145 969 3222 cohaerentes
986 3194 1011 3234 ‚
1035 3161 1121 3212 ne
1143 3128 1575 3211 commistura
1594 3121 1735 3224 pel·
