2250 3761
326 162 459 244 'Di-z
507 170 833 238 nemus
880 161 1560 240 sturm-riuum.
1625 191 1771 260 ιη·

286 322 293 327 ·
318 283 688 379 Qttaedam
707 281 921 354 etiam
946 306 1102 380 quae
1118 284 1415 379 probare
1444 309 1588 357 non
1611 283 1770 382 pos-

235 381 321 458 fis
347 440 371 476 ‚
410 380 639 480 figura
670 380 904 477 potius
951 380 1327 478 spargenda
1376 381 1552 453 sunt.
1607 384 1768 453 Hae-

243 499 357 556 ret
383 482 583 555 'enim
614 503 1117 575 nonnunquam
1164 479 1382 550 telum
1425 478 1599 551 istud
1646 504 1771 552 oc-

246 580 520 656 cultum
543 631 568 668 ,
594 578 678 649 '&
711 577 850 648 hoc
873 576 894 646 i
947 575 1023 649 so
1047 575 1242 674 quod
1270 601 1415 648 non
1434 595 1726 673 apparet
1743 632 1770 669 ‚

246 677 466 752 eximi
512 682 660 748 non
697 603 945 770 potesf.
978 675 1070 746 At
1099 673 1150 745 fi
1190 673 1379 746 idem
1414 673 1604 748 dicas
1650 702 1777 773 pa·

247 775 394 850 lam
419 778 559 867 5&
590 771 1027 863 defenditur,
1057 774 1137 846 δι
1169 772 1608 869 probandum
1649 773 1773 847 est.

357 899 428 947 2.
474 873 662 944 CuM
696 882 934 942 autem
968 868 1195 942 obstat
1227 869 1432 942 nobis
1462 870 1775 967 persona:

249 970 661 1048 reverentia
701 967 951 1066 (quod
998 967 1376 1041 secundum
1415 969 1772 1065 posuimus

253 1070 534 1168 genus)
602 1065 804 1139 tanto
866 1064 1139 1138 cautius
1208 1066 1578 1140 dicendum
1631 1067 1770 1158 est,

251 1165 525 1264 quanto
577 1163 878 1238 validius
930 1164 1159 1236 bonos
1206 1162 1472 1236 inhibet
1535 1166 1769 1261 pudor

251 1264 463 1361 quam
485 1281 736 1335 metus.
767 1260 900 1333 Hic
928 1261 1109 1337 vero
1133 1277 1372 1360 tegere
1405 1285 1533 1334 nos
1559 1262 1772 1356 judex

248 1364 447 1461 quod
472 1360 765 1433 sciamus
792 1415 815 1450 ‚
855 1360 932 1431 &
957 1359 1178 1435 verba
1205 1358 1280 1433 vi
1307 1360 1608 1457 quadam
1642 1385 1774 1433 ve·-

246 1460 475 1533 rita'tis
496 1458 933 1555 erumpentia
949 1458 1191 1541 credat
1212 1480 1568 1530 coercere.
1585 1457 1775 1533 Nam
1891 1478 1896 1485 ’

250 1576 525 1658 quanto
556 1556 779 1630 minus
810 1577 928 1628 aut
958 1555 1081 1653 ipsi
1106 1555 1181 1628 in
1213 1578 1394 1653 quos
1428 1554 1724 1629 dicimus
1742 1609 1771 1647 ‚

250 1674 380 1731 aut
404 1654 673 1749 judices
698 1706 722 1738 ‚
747 1671 865 1726 aut
891 1653 1260 1727 affistentes
1280 1653 1560 1726 oderint
1586 1654 1773 1730 hanc

255 1752 730 1829 maledicendi
759 1750 1114 1825 lasciviam
1132 1808 1156 1841 ‚
1178 1752 1230 1825 fi
1251 1750 1445 1824 nolle
1469 1776 1598 1825 nos
1622 1776 1775 1825 cre-

186 1919 197 1931 .
258 1851 484 1926 datst?
538 1853 678 1925 Aut
702 1850 869 1951 quid
886 1847 1175 1926 'interest
1195 1851 1559 1950 quomodo
1590 1850 1773 1926 dica·

267 1953 427 2041 tui,
456 1950 604 2023 clim
627 1952 704 2024 &
725 1954 939 2025 res&
961 1949 1232 2023 animus
1258 1950 1661 2049 intelligitur
1680 1952 1768 2026 ἓ..

364 2048 691 2122 Confinia
704 2049 859 2122 sunt
873 2048 979 2121 his
1004 2047 1359 2123 celebrata
1379 2050 1562 2147 apud
1579 2050 1777 2122 Grae-

254 2171 389 2224 cos
415 2147 764 2222 schemata
780 2197 807 2237 ‚
828 2171 961 2244 ⁸per
987 2172 1145 2245 quae
1161 2171 1271 2220 res
1301 2147 1574 2245 asperas
1593 2148 1776 2219 mol-

256 2245 393 2321 lius
422 2245 828 2344 ‘fignificann
871 2245 1056 2318 Nam
1083 2244 1590 2340 Themistocles
1623 2245 1775 2319 sua·

250 2343 407 2417 {iffe
445 2343 871 2418 existimatur
918 2342 1448 2417 Atheniensibus
1476 2399 1499 2436 ‚
1543 2368 1619 2415 ut
1656 2370 1772 2428 urf-
1829 2353 1939 2405 Lib.
1961 2358 2013 2404 6.
2036 2352 2141 2408 1εὲ-ι

260 2444 408 2513 bem
444 2446 620 2533 apud
656 2445 799 2512 deos
835 2446 1198 2535 deponerent
1232 2467 1258 2513 .·
1307 2441 1472 2538 quia
1517 2441 1770 2513 durum
1789 2420 1904 2476 ‘md‘

258 2553 427 2613 erat
458 2536 685 2611 dicere
706 2592 728 2628 ‚
760 2549 837 2611 ut
863 2538 1360 2636 relinquerent.
1399 2539 1487 2608 Et
1509 2538 1633 2636 qui
1660 2537 1772 2613 vi-

254 2636 516 2713 &orias
548 2645 793 2710 aureas
819 2637 886 2708 in
912 2635 1108 2710 usum
1131 2635 1298 2711 belli
1332 2634 1620 2711 conflari
1642 2643 1774 2711 vo·-'

254 2737 489 2823 lebat,
530 2734 630 2807 ita
676 2734 1053 2810 declinavit
1075 2789 1100 2826 ,
1134 2735 1409 2810 vifforiis
1464 2739 1771 2807 utendum

254 2833 389 2937 ff.
424 2834 697 2905 Totum
725 2849 960 2906 autem
1001 2833 1356 2931 allegoriae
1384 2832 1596 2908 fimile
1623 2833 1771 2929 est,

253 2930 444 3008 aliud
471 2929 713 3008 dicere
733 2947 755 3013 ,'
778 2930 967 3004 aliud
992 2929 1283 3030 intelligi
1308 2931 1517 3007 velle.

353 3027 739 3121 Quaefitum
784 3028 997 3102 etiam
1024 3028 1165 3122 est,
1210 3030 1574 3127 quomodo
1603 3051 1773 3099 con-

258 3141 374 3201 tra
402 3123 654 3229 figuras
675 3125 1083 3230 responden
1111 3142 1482 3301 oportegt5·
1508 3128 1596 3201 Et
1620 3124 1776 3232 qui}

182 3264 189 3270 ·
1364 3304 1412 3336 ω
1435 3247 1490 3331 11
