2250 3761
523 133 682 211 Dr.
769 135 1439 211 Santram-1154
1661 164 1757 242 79

217 265 363 352 Zet,
392 257 653 352 Caestzr,
682 254 1083 347 necfbrtuna
1129 277 1248 327 tua
1271 256 1528 344 majus,
1554 254 1776 351 qudm‘

223 384 299 437 ut
311 354 519 455 poſjz's
534 383 561 429 .·
593 381 705 427 nee
728 377 963 425 natura
988 357 1213 429 melius
1240 405 1259 435 ‚
1283 351 1479 449 qudm
1504 378 1579 424 ut
1594 360 1755 428 velis

216 463 469 559 fimare
498 453 696 550 qucim
721 455 1064 546 plurimos.
1096 453 1202 525 Ita
1242 476 1400 563 quae
1428 470 1628 526 erant
1648 478 1756 526 re·

226 579 388 634 rum
418 550 709 652 propria
743 605 767 643 ,
804 548 975 624 fecit
1016 549 1347 626 hominis.

318 655 401 726 In
427 653 572 726 hoc
621 673 881 750 genere
927 647 1453 725 custodiendum
1476 647 1576 725 est
1603 704 1627 742 ,
1673 651 1755 724 δε

227 753 305 829 id
328 749 623 851 quidem
654 747 920 846 ubique
950 800 973 838 ‚
1030 773 1120 823 ne
1152 749 1415 824 crebrae
1437 747 1564 821 fint
1601 803 1624 840 ‚
1662 774 1751 821 ne

228 851 464 952 palam
503 846 725 922 falsae.
751 900 769 919 .
797 900 817 922 .
861 845 940 918 &
974 871 1065 920 ne
1093 847 1330 945 paffim
1364 849 1444 921 &
1477 848 1518 921 ὲ
1573 873 1751 947 quo-

234 962 523 1042 cunque
574 945 915 1023 dicantur.
969 946 1197 1044 Magis
1253 945 1442 1021 enim
1493 945 1751 1019 decent
1797 994 1810 1004 ·

236 1044 369 1123 eos
424 1047 500 1119 in
534 1044 790 1145 quibus
839 1041 936 1117 est
968 1063 997 1093 α
1056 1045 1430 1120 ειιξὶοτίῐειε
1461 1099 1485 1137 ,
1534 1061 1614 1118 ut
1648 1043 1752 1117 rei

235 1143 519 1244 pondus
552 1143 767 1219 etiam
802 1139 1097 1241 persona
1144 1143 1535 1218 confirmet.
1568 1144 1752 1236 Quis

239 1243 429 1317 enim
476 1238 657 1315 ferat
708 1264 1003 1353 puerum
1037 1296 1060 1339 ,
1097 1259 1220 1315 aut
1262 1241 1750 1316 adolescentu-

239 1339 440 1425 lum,
475 1357 593 1412 aut
636 1355 851 1421 enam
903 1338 1289 1440 ignobilem
1317 1395 1340 1432 ‚
1387 1338 1437 1411 fi
1483 1338 1748 1430 judicet

234 1434 316 1513 in
339 1436 639 1513 dicendo
654 1488 679 1522 ,
699 1441 772 1514 &
795 1438 1325 1538 quodammodo
1344 1437 1750 1535 praecipiat?

309 1537 434 1608 ΕΝ
445 1554 869 1609 τΗΥΜεΜΑ
891 1560 1180 1636 quoque
1207 1535 1303 1609 est
1322 1560 1535 1611 omne
1554 1535 1749 1635 quod

231 1651 478 1712 mente
517 1634 719 1710 conci
770 1635 951 1709 imus
989 1664 1006 1709 :
1046 1635 1334 1734 proprie
1374 1651 1611 1709 tamen
1639 1635 1751 1707 di·
1851 1660 1860 1669 ’

240 1733 427 1808 citur
452 1758 611 1833 quae
663 1758 700 1807 e
830 1733 1169 1807 sententia
1199 1759 1286 1808 ex
1328 1732 1695 1806 contrariis
1725 1784 1747 1814 ‚

240 1849 620 1929 propterea
664 1832 860 1931 quod
897 1832 1207 1908 eminere
1241 1832 1526 1909 videtur
1565 1831 1748 1907 inter

250 1947 500 2003 caetera
519 1964 535 2003 ε
551 1949 628 2004 ut
644 1986 669 2022 ,
701 1930 729 1981 b
750 1932 1098 2005 Homerus
1117 1951 1332 2030 poeta
1358 1987 1383 2025 ‚
1411 1933 1595 2005 Urbs
1615 1934 1754 2005 Ro·

241 2050 386 2106 ma.
408 2027 569 2101 Non
581 2028 721 2104 sem
774 2054 853 2105 er
877 2046 1113 2106 autem
1137 2030 1227 2103 ad
1251 2029 1752 2128 probationem

240 2125 615 2202 adhibetur
641 2183 668 2221 ,
729 2127 819 2202 ed
849 2127 1223 2228 aliquando
1260 2129 1349 2203 ad
1379 2148 1747 2204 ornatum:

239 2227 543 2323 Quorum
566 2229 767 2324 igitur
781 2229 1134 2321 impunitas
1160 2278 1188 2314 ,
1212 2231 1421 2324 Caefizr
1436 2279 1464 2315 ,
1489 2254 1613 2302 tuae
1636 2234 1752 2301 cle·
1775 2266 1879 2320 pr,
1915 2264 2020 2335 53·
2042 2283 2119 2321 m,

236 2327 491 2400 mentia
526 2331 675 2398 laus
697 2324 781 2424 cst
801 2377 825 2409 ,
870 2353 1077 2400 eorum
1105 2351 1163 2397 te
1199 2329 1477 2423 ipsorum
1498 2334 1593 2401 ad
1610 2356 1755 2412 cru-‚-

240 2426 568 2495 delicatam
586 2448 767 2496 acuet
797 2428 1003 2498 oratio
1029 2453 1056 2499 .·
1087 2421 1258 2497 Non
1280 2444 1306 2474 ⁶
1334 2424 1502 2524 quia
1533 2425 1614 2498 fit
1643 2450 1760 2498 ra-

305 2565 341 2597 a
374 2546 503 2598 vide
536 2552 769 2616 egregium
803 2570 968 2604 exem·
1028 2569 1104 2605 tut
1122 2569 1135 2599 =
1154 2556 1268 2619 quia
1293 2555 1415 2603 inter
1448 2560 1614 2607 Poe‘tas
1651 2559 1758 2604 Ho-

241 2609 358 2680 plat
384 2613 718 2666 sententiatum
745 2617 876 2684 apud
897 2623 971 2670 Li-
1031 2634 1184 2668 merus
1202 2650 1218 2675 ,
1237 2622 1360 2668 inter
1404 2620 1553 2670 Urbes
1600 2624 1760 2673 Roma

241 2680 396 2731 vium
416 2708 434 2735 ‚
478 2694 660 2738 ²²··39·
732 2717 735 2718 ν
1028 2685 1224 2735 eminet.
1248 2686 1341 2733 Hic
1371 2683 1507 2734 locus
1539 2683 1765 2752 desump.
1844 2681 1870 2690 “

303 2740 337 2791 h
369 2747 608 2794 Sententia
626 2761 684 2795 ex
722 2750 974 2800 contrariis
1012 2765 1106 2808 ,sus
1141 2748 1206 2798 est
1240 2764 1300 2798 ex
1334 2751 1530 2813 'topicis
1565 2749 1716 2802 Tullii
1737 2787 1765 2827 ι,

233 2805 435 2873 proprie*
451 2807 629 2858 dicitur
640 2807 975 2879 Enthymemtg
1032 2832 1079 2866 n.
1119 2831 1139 2872 ς
1151 2830 1192 2874 ς.

234 2872 492 2936 propterea
572 2872 707 2939 quod
770 2880 976 2927 eminere
1095 2895 1122 2927 c
1149 2884 1262 2928 Haec
1315 2878 1544 2929 sententia
1581 2921 1601 2947 ,
1659 2899 1765 2950 quae

233 2935 427 2985 videtur
457 2940 588 2988 inter
608 2954 779 2992 caeteta
795 2943 974 3005 Enthy·
1033 2942 1098 2992 est
1137 2958 1194 2991 ex
1215 2945 1465 2993 contrariis
1501 2982 1518 3008 ,
1557 2962 1656 2996 non
1690 2947 1770 2996 ad-

235 3013 512 3051 mematum
556 3018 767 3069 generat
794 3018 847 3055 ut
897 3023 978 3072 per
1037 3007 1224 3057 hibetur
1269 3005 1330 3056 ad
1379 3008 1714 3072 probationem
1748 3046 1768 3073 ,

236 3066 438 3114 Po'e'tam
478 3106 499 3130 ,
559 3074 802 3128 Homerus
840 3087 856 3129 3
901 3087 979 3135 pet
1039 3088 1124 3122 nec
1146 3071 1209 3122 est
1225 3085 1352 3121 nova
1369 3073 1494 3119 tatio
1515 3101 1534 3124 ‚
1568 3077 1617 3122 &
1644 3071 1770 3122 diffi-

245 3126 422 3181 urbem
457 3167 478 3198 ,
523 3135 699 3188 Roma
748 3133 958 3204 intelligi
1038 3138 1167 3189 milis
1181 3150 1343 3190 earum
1375 3148 1494 3211 quas
1511 3149 1653 3189 antea
1698 3151 1771 3189 at·

1295 3196 1480 3282 va,
