2250 3761
531 137 673 239 375
860 133 1063 212 mn.
1122 131 1750 216 x11.cm›.11;

531 260 799 334 virtute
863 259 1279 356 praecipiunt
1302 316 1322 342 ,
1378 273 1460 330 ut
1516 253 1835 332 oratoris
1927 257 2123 336 vita

529 381 696 430 cum
734 356 1019 430 scientia
1037 358 1434 432 divinarum
1457 376 1695 429 rerum
1716 357 1802 430 fit
1831 357 2119 431 huma·

532 453 922 552 nart'tmque
954 454 1343 554 cmijunCta.
1380 449 1564 548 Quae
1591 453 1754 551 ipsae
1789 474 2112 554 quanto

532 550 840 644 majores
906 577 989 625 ac
1050 554 1438 650 pulcriores
1486 552 1929 627 viderentur
1959 609 1992 646 ‚
2061 554 2108 626 fi

534 650 691 721 illas
762 650 812 721 ii
883 652 1221 726 docerent
1254 707 1278 743 ‚
1352 650 1474 748 qui
1522 651 1741 722 etiam
1822 652 2107 752 eloqui
2182 684 2191 693 ·

532 747 1070 847 praestantiffime
1138 750 1469 846 poffunt?
1507 748 1960 849 Utinamque
2008 749 2112 822 fit

531 864 810 944 tempus
870 870 1180 945 unquam
1207 904 1232 937 ‚
1296 873 1443 944 quo
1516 845 1873 944 perfectus
1950 848 2099 922 ali-

531 945 693 1044 quis
759 946 1091 1041 (qualem
1145 957 1536 1041 optamus)
1590 960 1833 1017 orator
1883 947 2095 1022 hanc

532 1059 804 1141 partem
837 1042 1138 1138 superbo
1170 1042 1460 1117 nomine
1484 1096 1505 1133 ‚
1535 1042 1615 1113 &
1649 1041 1830 1116 vitiis
1875 1069 2096 1140 quo-
2178 1038 2187 1047 ’

533 1141 831 1213 tundam
855 1140 1042 1212 bona
1075 1140 1225 1235 ejus
1252 1141 1858 1236 corrumpentium
1878 1140 2087 1218 ‘mvi-

536 1239 681 1311 sam
705 1296 728 1331 ‚
756 1239 1071 1315 vindicet
1094 1239 1264 1330 fibi,
1285 1265 1369 1313 ac
1398 1238 1596 1313 velut
1618 1238 1838 1311 rebus
1868 1264 2074 1338 repc-

534 1337 678 1411 titis
718 1338 792 1409 in
823 1361 1077 1434 corpus
1111 1336 1535 1434 eloquentiae
1564 1335 1913 1413 abducat.

180 1457 310 1506 *ne
336 1453 500 1533 Philo·
630 1437 726 1506 11.
775 1437 1010 1529 QUAE
1056 1448 1092 1486 *
1145 1436 1428 1535 quidem
1462 1437 1624 1508 cum
1662 1434 1742 1506 fit
1786 1435 1863 1508 in
1924 1452 2064 1514 tres

155 1523 327 1633 ἓξὲξ
389 1524 497 1636 ⁹3¹²
530 1532 751 1609 divisa
806 1551 1045 1630 partes
1080 1587 1109 1620 ,
1161 1535 1550 1608 naturalem
1576 1588 1602 1627 ‚
1649 1534 2010 1608 moralem
2043 1555 2070 1628 ‚‘

162 1649 312 1700 Orat·
349 1676 483 1724 113·—
530 1632 954 1705 rationalem
979 1683 1007 1718 ,
1051 1658 1210 1732 quae
1246 1634 1531 1707 tandem
1580 1656 1726 1705 non
1753 1631 1852 1707 est
1892 1658 2077 1708 cum

165 1728 285 1768 ⁸²⁹·
536 1729 839 1805 oratoris
872 1756 1094 1830 opere
1130 1731 1554 1826 conjuncta?

631 1833 701 1903 N
728 1853 782 1905 A
805 1851 875 1904 M
924 1847 1004 1903 ut
1051 1831 1373 1907 ordinem
1398 1846 1866 1928 retroagamus
1889 1884 1913 1921 ,
1949 1828 2059 1905 de

531 1930 780 2002 ultima
818 1929 981 2021 illa,
1034 1956 1192 2027 quae
1231 1947 1386 2005 tota
1417 1930 1733 2006 versatur
1769 1928 1845 2000 in
1878 1953 2062 2003 vcr-

533 2027 645 2097 bis
664 2081 687 2119 ,
722 2049 933 2099 nemo
966 2027 1400 2104 dubitaverit
1429 2081 1446 2105 ‚
1480 2028 1531 2101 fi
1557 2032 1634 2103 &
1656 2026 2063 2124 proprieta-

534 2138 644 2192 tes
694 2122 894 2196 vocis
939 2123 1274 2223 cujusque
1316 2126 1549 2219 nosse,
1598 2127 1673 2197 δι
1722 2124 2064 2223 ambigua

537 2218 860 2317 aperire,
901 2223 981 2295 &
1021 2224 1357 2321 perplexa
1389 2226 1817 2314 discernere,
1857 2226 1940 2297 &
1967 2224 2061 2296 de

531 2318 711 2393 falfis
738 2316 1048 2415 judicare
1067 2376 1091 2414 ,
1120 2326 1199 2399 &
1229 2324 1565 2422 colligere
1593 2348 1672 2397 ac
1699 2321 2057 2397 resolvere

530 2442 691 2518 quae
731 2418 913 2494 velis
937 2477 960 2514 ,
994 2422 1300 2494 oratoris
1344 2425 1484 2497 est:
1520 2445 1918 2522 quanquam
1971 2445 2051 2492 ea

530 2542 676 2590 non
721 2533 869 2590 tam
923 2519 1020 2592 est
1063 2520 1327 2593 minute
1377 2540 1591 2620 atque
1639 2520 1919 2596 concise
1974 2517 2053 2591 in.

532 2611 920 2688 actionibus
963 2620 1341 2711 utendum,
1384 2620 1594 2719 quam
1643 2618 1716 2689 in
1751 2617 2050 2714 disputa-

529 2709 892 2784 tionibus:
948 2715 1114 2810 quia
1166 2712 1619 2792 nondocer'e
1648 2713 2046 2805 modb,sed

528 2829 828 2880 movere
875 2809 1090 2883 etiam
1146 2840 1229 2889 ac
1290 2815 1635 2891 delectare
1689 2811 2044 2894 audientes

530 2904 748 2977 debet
779 2923 1072 2998 orat0r3
1109 2914 1201 2986 ad
1232 2915 1426 3013 quod
1468 2917 1736 3011 impetu
1768 2935 2044 3011 quoque

532 3004 611 3074 ὅ(
644 3001 915 3076 viribus
965 3034 1047 3081 ac
1099 3013 1357 3087 decore
1412 3013 1510 3085 est
1544 3036 1721 3111 opus
1756 3040 1775 3085 x
1811 3026 1889 3084 ut
1935 3008 2048 3085 vis

532 3101 835 3176 amnium
864 3105 1217 3205 majorest
1238 3110 1404 3187 altis
1441 3112 1607 3209 ripis
1635 3166 1658 3209 ,
1688 3108 2044 3210 multoque
