2250 3761
493 154 649 216 υτ.
818 142 1039 212 11413.
1095 137 1253 211 IX.
1299 137 1536 214 CAPL
1595 134 1736 215 11³

496 258 692 358 quod
715 256 852 353 ipse
877 255 1161 329 fortaffe
1184 280 1328 329 non
1354 257 1721 348 crederet,
1751 255 1799 329 fi
1830 240 2022 330 audi-3

497 366 647 428 ret:
683 358 759 427 &
792 354 858 425 ei
883 355 1077 463 quod
1097 353 2022 450 &sepinyentumexistimatj

497 452 766 527 credat.
890 459 899 468 ‘
2011 464 2022 501 ³

589 548 730 621 Sed
763 574 847 621 ne
888 549 937 621 fi
993 550 1281 648 optimae
1322 554 1603 650 quidem
1653 551 1785 625 'fint
1811 604 1831 633 ,
1878 550 2024 628 effe

488 648 754 720 debent
782 647 1236 746 frequentes,
1281 651 1468 733 Nam
1511 651 1844 739 densitate
1875 651 2025 748 ipsa

491 744 730 843 figurae
773 747 1184 844 aperiuntur
1216 803 1238 838 ,
1288 774 1420 822 nec
1473 747 1749 821 offensae
1794 749 2027 824 minus

488 844 758 917 habent
781 899 804 936 ‚
834 843 951 919 sed
974 847 1426 929 auftoritatis.
1475 849 1631 920 Nec
1663 847 1894 944 pudor
1915 848 2023 922 xri-a

499 942 711 1014 detur
769 943 961 1041 qubd
1015 969 1158 1015 non
1211 946 1444 1042 pa‘lzim
1507 943 1794 1039 obiicias
1830 1001 1854 1034 ,
1897 944 2027 1018 sed

116 1104 157 1153 .
491 1040 896 1114 diffidentia.
949 1044 1023 1113 In
1069 1042 1334 1116 summa
1361 1099 1385 1135 ‚
1421 1043 1511 1116 fic
1554 1041 2022 1137 maxime'ju-

493 1139 632 1210 dex
658 1138 882 1213 credit
901 1138 1143 1238 figuris
1176 1200 1192 1228 ,
1222 1141 1270 1212 fi
1298 1166 1438 1215 nos
1469 1159 1673 1239 putat
1705 1142 1891 1212 nolle
1911 1141 2024 1212 di..

494 1261 681 1310 cere.
732 1237 1073 1335 Equidem
1118 1241 1550 1339 quandoque
1586 1243 1663 1314 &
1687 1240 1758 1311 in
1783 1237 2026 1335 perso-

493 1360 623 1413 nas
674 1334 890 1410 incidi
952 1336 1129 1410 tales
1172 1393 1197 1431 ,
1260 1342 1337 1414 &
1398 1339 1471 1412 in
1495 1404 1498 1407 Α
1520 1362 1671 1411 rem
1731 1361 2025 1436 quoque
2095 1343 2100 1346 ’

499 1433 746 1531 (quod
791 1433 891 1509 est
930 1436 1150 1534 magis
1187 1440 1471 1538 rarum)
1506 1462 1663 1536 quae
1709 1434 2022 1510 obtineri

501 1531 629 1604 nifi
651 1533 785 1608 hac
816 1550 966 1607 arte
1010 1559 1156 1606 non
1183 1535 1429 1632 poffet.
1465 1536 1688 1607 Ream
1724 1534 2023 1626 tuebar,

503 1655 665 1730 quae
705 1630 1056 1725 subjecisse
1114 1633 1479 1704 dicebatur
1511 1631 1764 1701 marito
1810 1631 2029 1709 resta-

502 1747 857 1818 mentum,
894 1732 972 1799 &
995 1728 1402 1800 dicebantur
1433 1726 1976 1824 chirographum
1995 1784 2028 1821 ,

505 1827 765 1898 marito
798 1824 1160 1922 expirante
1190 1878 1213 1916 ‚
1256 1823 1570 1920 haeredes
1602 1824 1857 1898 dediss'e
1879 1880 1903 1916 ‚
1942 1831 2031 1903 δε

507 1949 759 2000 verum
784 1942 958 1997 erat.
988 1923 1173 1995 Nam
1199 1924 1364 2022 quia
1385 1949 1516 2022 per
1547 1924 1736 2023 leges
1766 1923 2029 2000 institui

508 2046 694 2095 uxor
748 2047 894 2096 non
949 2040 1232 2119 poterat
1300 2024 1517 2096 haeres
1546 2078 1570 2113 ‚
1651 2021 1751 2101 id.
1793 2021 2028 2098 fuerat

512 2122 786 2212 astum,
834 2138 913 2193 ut
957 2122 1043 2193 ad
1076 2145 1235 2194 eam
1271 2120 1461 2195 bona
1502 2147 1628 2217 per
1670 2121 1808 2192 hoc
1846 2120 2032 2196 taci-

513 2236 667 2293 tum
729 2219 1334 2293 fideicommissum
1400 2218 1875 2319 pervenirent.
1935 2217 2030 2292 Et

179 2340 207 2363 '¹
231 2332 380 2382 Facite
400 2344 501 2383 etat
519 2329 733 2418 eaput
759 2317 1046 2418 quidem
1082 2318 1239 2394 veri
1264 2321 1305 2362 ὓ
1333 2317 1541 2392 facile
1572 2337 1722 2392 erat
1748 2370 1769 2402 ,
1795 2316 1843 2388 fi
1885 2317 2031 2391 hoe

147 2397 394 2454 menaea.
519 2419 912 2493 diceremus
950 2417 1221 2514 palam,
1255 2417 1379 2490 sed
1415 2416 1689 2517 peribat
1731 2415 2033 2488 haeredi-

517 2536 652 2592 tas,
671 2521 782 2600 ‚Ita
810 2542 980 2615 ergo
1010 2516 1143 2589 fuit
1167 2517 1372 2589 nobis
1394 2515 1778 2617 agendum,
1818 2531 1899 2587 ut
1924 2512 2034 2606 ju·

521 2617 714 2690 dices
753 2615 929 2687 illud
963 2614 1432 2714 intelligerent
1479 2614 1734 2687 faftum
1761 2668 1783 2703 ,
1827 2612 2033 2686 dela-

518 2730 715 2796 tores
752 2736 892 2783 non
932 2713 1203 2807 poffent
1244 2712 1771 2809 apprehendere
1815 2732 1894 2783 ut
1924 2710 2036 2784 di·-

518 2812 743 2901 fiumt
781 2813 859 2883 &
893 2809 1182 2906 contigit
1197 2826 1600 2908 utrumque.
1633 2811 2036 2904 Quodnon

520 2907 942 2982 inseruissem
970 2963 991 2997 ‚
1024 2906 1289 2980 veritus
1317 2908 1732 3005 opinionem
1766 2906 2037 2999 jaetan-

515 3006 659 3088 tiae,
685 3006 802 3081 nifi
816 3006 1116 3104 probare
1143 3006 1538 3100 voluifl'em,
1567 3003 1821 3093 ,infore
1853 3029 2039 3106 quo:

513 3131 659 3214 que
689 3106 824 3191 effe
838 3105 955 3190 ‚his
982 3103 1218 3207 figuris
1250 3106 1514 3189 locum.
1593 3145 1608 3184 ς
1661 3177 1670 3182 .
1851 3121 1854 3134 '
