2250 3761
522 166 672 259 '192
918 155 1103 227 Lm.
1163 152 1262 228 X.
1324 153 1557 229 CAP.
1619 153 1675 229 1.
1779 129 1781 131 ,

523 275 616 349 de
653 269 840 369 justis
868 326 892 364 ‚
940 270 1249 357 honestis
1283 324 1307 363 ,
1358 270 1647 344 utilibus
1675 326 1701 364 ,
1755 297 2053 377 quaeque

523 373 682 448 sunt
717 370 821 444 his
854 370 1209 444 contraria
1233 423 1259 459 ‚
1301 372 1382 444 &
1422 369 1510 443 de
1543 369 1758 444 rebus
1793 375 2048 452 divinis

521 470 828 545 maxime
857 468 1101 542 dicunt
1122 522 1142 550 ,
1179 470 1258 541 &
1281 487 1857 566 argumentantur
1880 475 2050 549 acri·

521 584 672 641 ter:
709 572 789 643 &
818 565 1395 641 altercationibus
1425 584 1639 666 atque
1662 567 2047 669 interroga·

395 685 401 690 ·
519 666 833 740 tionibus
874 684 1236 740 oratorem
1273 664 1586 738 futurum
1617 665 1884 765 optime
1914 671 2045 742 So·

163 2274 328 2328 Brun
345 2274 477 2345 248.

520 764 767 839 cratici
792 789 935 864 prae
986 779 1207 837 arant.
1244 763 1381 836 Sed
1407 762 1513 835 his
1545 789 1831 864 quoque
1858 768 2041 841 adhi.

518 862 830 939 bendum
875 889 913 937 e
1016 862 1231 935 simile
1275 860 1605 954 judicium
1637 917 1661 955 ,
1715 880 1790 935 ut
1828 864 2041 939 etiam

519 963 685 1035 dun
709 962 783 1035 in
803 961 1013 1036 rebus
1036 961 1397 1036 versemur
1428 959 1670 1035 iisdem
1691 1015 1716 1052 ,
1758 987 1902 1034 non
1934 981 2033 1036 ta-

514 1085 686 1134 men
721 1061 1015 1134 eandem
1048 1059 1186 1133 effe
1218 1057 1694 1134 conditionem
1743 1060 2032 1136 sciamus
2116 1109 2119 1110 ν

513 1159 744 1232 litium
775 1184 856 1233 ac
885 1156 1434 1256 disputationum
1460 1212 1483 1251 ‚
1527 1158 1665 1231 fori
1709 1161 1787 1237 &
1834 1160 2030 1233 audi-

516 1258 686 1332 torii
709 1314 731 1350 ‚
766 1274 1281 1357 praeceptorum
1307 1260 1386 1331 &
1411 1255 1914 1355 periculorum.

525 1399 532 1408 -
602 1359 740 1434 IV.
795 1358 1132 1432 CREDO
1181 1358 1547 1429 exasturos
1605 1354 1972 1464 plerosque
2004 1411 2028 1449 ,

510 1456 672 1531 cum
691 1472 963 1530 tantum
980 1455 1116 1530 effe
1129 1454 1441 1529 utilitatis
1459 1452 1534 1526 in
1549 1455 1848 1553 legendo
1862 1456 2036 1548 judi-

509 1578 752 1629 cemus
774 1610 797 1646 ,
821 1572 900 1627 ut
920 1554 996 1626 id
1014 1577 1301 1653 quoque
1318 1552 1771 1650 adjungamus
1798 1553 1990 1650 operi
2007 1608 2031 1645 ,

508 1653 633 1751 qui
657 1652 784 1726 sint
805 1652 1123 1751 legendi,
1158 1676 1316 1748 quae
1343 1650 1415 1720 in
1432 1674 1721 1747 quoque
1745 1652 2029 1727 au&ore

503 1751 859 1848 praecipua
878 1750 1132 1825 virtus.
1168 1748 1306 1820 Sed
1335 1747 1654 1844 persequi
1678 1747 1980 1846 singulos
2002 1805 2027 1844 ,

502 1847 761 1921 infiniti
814 1845 1023 1922 fuerit
1076 1844 1343 1946 operis·
1405 1843 1693 1943 Quippe
1743 1847 1904 1921 cum
1954 1848 2029 1924 in

500 1949 725 2021 Bruto
757 1948 859 2021 M.
886 1944 1162 2019 Tullius
1210 1962 1323 2018 tot
1359 1944 1669 2017 millibus
1694 1945 2027 2020 versuum

500 2043 595 2115 de
630 2043 971 2119 Romanis
1002 2045 1287 2117 tantum
1325 2041 1730 2117 oratoribus
1768 2044 1843 2117 lo
1898 2070 2028 2118 ua-

501 2156 620 2214 tur
642 2197 664 2234 ‚
715 2145 793 2216 &
830 2159 1068 2217 tamen
1103 2143 1193 2217 de
1231 2141 1555 2215 omnibus
1593 2142 1814 2216 aetatis
1842 2070 2024 2235 puae,

500 2240 913 2341 quibuscum
933 2240 1229 2318 vivebat
1244 2296 1266 2333 ,
1296 2240 1607 2339 exceptis
1636 2241 1903 2315 Caesare
1923 2259 2026 2313 at·-

500 2365 641 2441 que
659 2339 1004 2415 Marcello
1021 2394 1045 2433 ‚
1068 2339 1414 2414 silentium
1433 2338 1653 2437 egerit
1672 2367 1690 2412 ε
1711 2338 1863 2438 quis
1883 2338 2025 2412 erit

497 2441 751 2515 modus
779 2491 806 2526 ,
850 2438 901 2511 fi
942 2440 1020 2513 &
1051 2437 1210 2511 illos
1246 2493 1271 2531 ‚
1327 2439 1406 2512 &
1438 2437 1560 2536 qui
1588 2436 1830 2535 postea
1861 2435 2024 2512 fue-

498 2557 664 2612 runt
682 2593 706 2631 ,
728 2540 807 2611 &
822 2540 1115 2611 Graecos
1136 2561 1382 2626 omnes
1397 2590 1420 2626 ‚
1440 2539 1518 2610 &
1533 2535 2023 2634 Phssosophos‚

501 2641 583 2712 &
612 2638 868 2710 Poetas
899 2635 1221 2733 persequi
1239 2634 1455 2711 velim
1486 2636 1514 2708 ἓ
1548 2634 1780 2707 Fuerit
1808 2635 2023 2734 igitur

494 2734 811 2810 brevitas
835 2734 956 2806 illa
985 2732 1308 2805 tutiffima
1329 2757 1366 2822 ‚·
1383 2757 1539 2830 quae
1566 2732 1665 2807 est
1691 2732 2024 2832 apud’Li-

497 2832 695 2909 vium
741 2833 815 2904 in
845 2828 1138 2929 epistola
1174 2830 1263 2903 ad
1307 2829 1528 2904 filium
1566 2831 1863 2929 scripta,
1908 2832 2021 2905 le-

496 2930 768 3032 gendos
832 2927 1387 3005 Demosthenem
1445 2947 1659 3029 atque
1708 2929 2025 3003 Cicero-

498 3054 664 3104 nem
689 3057 708 3103 ε
738 3046 888 3103 tum
920 3028 1018 3101 ita
1042 3084 1066 3121 ,
1099 3044 1179 3102 ut
1211 3027 1503 3140 quisque
1530 3028 1697 3104 effet
1726 3028 2029 3102 Demo-

498 3129 718 3204 stheni
740 3127 1176 3206 &Ciceroni
1193 3126 1594 3209 fiminimus.
1692 3216 1705 3225 ⁴
1840 3225 1912 3300 N

1915 3246 2020 3297 on
