2250 3761
514 174 613 250 82
854 171 1641 249 L1B.VIII.‘CAP.
1701 173 1798 250 V.

510 298 549 333 ι
592 290 1055 390 dwomp‘le'pncw
1100 288 1436 363 fimulaffe
1478 289 1736 362 dicitur
1774 315 1795 363 3
1841 292 2037 366 Νεὸε

513 380 809 486 bd'queum
824 440 853 475 ,
870 391 1056 461 habes
1066 394 1245 484 quod
1234 390 1543 480 fhucibus
1560 391 1691 461 tuis
1708 389 2031 483 irafiaris.

512 495 569 560 S
567 516 708 560 ame
749 515 1058 561 venenum
1087 538 1116 573 ,
1174 492 1347 559 decet
1374 490 1780 580 luxuriosum
1807 489 2025 559 biben-

508 591 593 658 do
631 591 817 661 mori.
841 639 860 659 .
895 587 1079 660 Finis
1105 609 1250 658 non
1276 584 1408 660 erit
1426 640 1452 677 ,
1473 586 1524 658 fi
1543 584 1836 684 singulas
1866 608 2028 659 cor·
2065 602 2068 605 ’

506 704 878 783 ruptorum
915 685 1304 785 prosequar
1349 684 1639 758 formas,
1664 682 1843 755 Illud
1890 707 2024 782 poq

505 782 692 875 tius,
740 786 934 884 quod
976 783 1073 856 est
1118 783 1339 884 magis
1388 781 1870 857 neceffarium.

604 884 706 955 11.
765 884 841 956 D
865 885 935 956 U
959 882 1048 957 AE
1098 880 1257 956 sunt
1282 882 1571 957 diversae
1596 880 1967 980 opiniones
1989 905 2015 956 ε

498 978 804 1056 aliorum
845 981 1222 1056 sententias
1283 981 1466 1055 solas
1506 984 1687 1080 pen&
1714 979 2021 1078 speflan·

500 1078 681 1151 tium
722 1107 746 1169 ;
778 1079 1079 1154 aliorum
1098 1131 1125 1167 ,
1160 1079 1451 1153 omnino
1479 1078 1961 1155 damnantium
1987 1099 2016 1152 ε

491 1201 807 1275 quorum
849 1177 1020 1251 mihi
1049 1196 1382 1254 neutrum
1422 1179 1806 1257 admodum
1856 1175 2019 1272 pla-2

500 1292 642 1351 cet.
1171 1350 1174 1353 Α

589 1374 1005 1450 Demus
1025 1399 1270 1451 earum
1294 1375 1524 1451 obstat
1545 1372 1852 1453 invicem
1875 1430 1899 1468 ,
1926 1388 2013 1451 ut

496 1469 572 1544 in
604 1469 766 1547 satis
784 1474 1111 1550 omnibus
1131 1474 1600 1575 fruflibusque
1627 1475 1961 1548 arborum
1982 1526 2012 1566 ,

494 1570 673 1644 nihil
710 1572 798 1646 ad
863 1572 1112 1668 justam
1156 1573 1704 1673 magnitudinem
1742 1572 2023 1648 adoles-·

484 1693 658 1745 cere
689 1672 926 1770 potest
954 1727 979 1764 ‚
1006 1673 1201 1770 quod
1224 1673 1393 1743 loco
1423 1723 1447 1761 ,
1474 1668 1549 1741 in
1574 1693 1792 1766 quem
1829 1672 2010 1746 cres-

490 1785 653 1862 cat,
684 1787 906 1845 caret.
974 1771 1132 1844 Nec
1175 1768 1495 1865 ρίἃιιτει,
1545 1764 1617 1836 in
1664 1788 1803 1863 qua
1831 1768 2007 1841 nihi!

487 1866 961 1943 circumlitum
984 1865 1084 1940 est
1099 1921 1124 1958 ‚
1145 1864 1425 1940 eminet.
1454 1860 1774 1964 Ideoque
1792 1865 2008 1941 artifi-

484 1991 608 2041 ces
660 2019 684 2056 ‚
740 1964 955 2039 etiam
981 1966 1144 2038 cum
1184 1965 1384 2065 plura
1428 1964 1504 2037 in
1548 1989 1760 2039 unam
1789 1966 2005 2039 tabu-

485 2064 627 2136 lam
674 2087 894 2162 opera
920 2062 1372 2140 contulerunt
1404 2119 1429 2155 ,
1475 2062 1718 2161 spatiis
1759 2064 2002 2138 distin-

483 2179 657 2261 gunt
686 2218 711 2255 ‚
755 2185 846 2236 ne
894 2162 1160 2237 umbrae
1191 2162 1264 2237 in
1316 2186 1624 2262 corpora
1669 2163 1950 2240 cadant.

585 2262 779 2354 Facit
832 2286 949 2337 res
1011 2263 1261 2338 eadem
1307 2261 1658 2339 concisam
1703 2285 1997 2375 quoque

484 2360 919 2437 orationem.
971 2362 1282 2436 Subsistit
1343 2362 1530 2438 enim
1563 2385 1792 2435 omnis
1837 2361 1997 2435 sen-

486 2461 709 2535 tentia
742 2460 1099 2560 :ideoque
1148 2461 1305 2562 post
1327 2488 1485 2536 eam
1528 2458 1770 2557 utique
1799 2458 1991 2533 aliud

489 2558 588 2630 est
610 2559 905 2633 initium.
936 2561 1147 2636 Unde
1170 2562 1395 2634 soluta
1416 2559 1562 2633 fer&
1592 2559 1829 2632 oratio
1854 2614 1877 2650 ,
1909 2558 1990 2629 &

486 2656 527 2728 ὲ
565 2657 841 2755 fingulis
860 2683 999 2729 non
1019 2660 1350 2731 membris
1379 2712 1403 2749 ‚
1458 2657 1574 2730 sed
1592 2655 1819 2730 frustis
1849 2656 1994 2732 col-

485 2754 627 2825 lata
646 2810 669 2846 ,
691 2755 1026 2827 strusturfi
1062 2772 1258 2830 caret
1285 2781 1310 2843 3
1338 2758 1498 2829 cum
1526 2753 1648 2828 illa
1687 2755 1988 2829 rotunda

580 3009 612 3041 a
662 2991 999 3060 Α’πεκαρτέςκσις
1045 2989 1111 3040 est
1152 3008 1208 3043 ex
1260 3000 1383 3045 Item
1440 2997 1660 3047 consumi
1698 3012 1715 3048 ι
1760 2994 1940 3061 laqueo
1970 3036 1994 3063 ,

480 3058 726 3124 propolim
751 3062 923 3122 motti:
947 3058 1114 3106 electio
1124 3073 1208 3122 pet
1259 3075 1342 3110 aut
1363 3061 1472 3110 ined
1492 3079 1521 3111 a
1548 3092 1563 3115 ‚
1592 3076 1675 3108 aut
1693 3075 1879 3111 veneno
1900 3060 1989 3113 fibi

479 3124 689 3173 inediam
739 3128 788 3173 ὃ(
818 3124 1015 3173 famem.
1053 3117 1200 3173 Turn.
1256 3141 1463 3185 monem
1480 3124 1787 3180 consciscen-

482 3191 785 3256 A’nunoefrqtiu
810 3224 830 3251 0
875 3187 1201 3242 obdurescere·
