2250 3761
564 190 678 284 224
860 276 869 284 ,
1034 188 1264 263 ’ἹΛ-Β.
1320 189 1583 264 ὟΙΙἹ.

558 329 691 381 τος
744 304 1022 403 penitus
1067 306 1491 403 cognoscere
1526 359 1551 395 ,
1599 303 1688 375 ad
1730 302 2074 375 summam

556 403 872 475 scientiae
898 401 1352 475 neceffarium
1374 402 1472 475 est
1498 457 1519 490 ,
1553 401 1651 474 ita
1671 399 2074 495 incipienti-'

568 501 698 570 bus
747 498 1028 571 brevius
1071 523 1153 571 ac
1194 500 1561 597 {implicitis
1613 497 1797 570 tradi
1846 497 2068 593 magis

550 595 931 670 convenit.
972 597 1115 668 Aut
1144 598 1331 670 enim
1355 595 1763 669 difficultate
1781 592 2066 666 institu-

569 694 785 767 tionis
802 710 947 765 tam
962 694 1346 768 numerosae
1363 710 1574 793 atque
1590 693 1934 792 perplexae
1946 691 2065 763 de-

567 791 821 868 terreri
868 791 1093 866 solent
1129 818 1150 864 ι
1193 809 1313 864 aut
1349 816 1441 865 eo
1483 811 1805 889 tempore
1834 843 1861 879 ‚
1910 811 2060 887 quo

566 885 923 988 praecipue
964 890 1213 964 alenda
1255 889 1530 988 ingenia
1577 908 1789 987 atque
1823 885 2059 957 *indul-

569 988 802 1086 gentia
829 989 1130 1085 quadam
1158 988 1569 1060 enutrienda
1600 985 1751 1058 sunt
1785 1040 1809 1076 ,
1864 983 2056 1079 aspe-

571 1085 840 1157 riorum
859 1087 1154 1158 traftatu
1174 1109 1411 1157 rerum
1432 1102 1822 1158 atteruntur
1844 1107 1861 1153 :
1888 1096 2010 1153 aut
2024 1134 2054 1171 ,

567 1182 789 1255 fihaec
823 1181 968 1254 sola
1010 1182 1374 1255 didicerint
1398 1239 1422 1277 ,
1464 1181 1625 1255 satis
1668 1180 1737 1255 se
1780 1180 1866 1252 ad
1897 1179 2054 1251 elo-

572 1278 934 1379 quentiam
978 1280 1335 1354 instructos
1388 1281 1809 1369 arbitrantur
1845 1304 1864 1349 ε
1926 1290 2052 1347 aut

562 1376 760 1476 quafi
793 1380 881 1449 ad
915 1378 1514 1477 certas-quasdam
1540 1374 1819 1450 dicendi
1856 1373 2050 1470 leges

558 1474 867 1574 alligati,
899 1495 1229 1550 conatum
1252 1500 1536 1551 omnem
1564 1472 2047 1549 reformidant.

553 1573 776 1646 Unde
811 1574 1199 1647 existimant
1225 1574 1545 1646 accidisse
1571 1627 1596 1663 ,
1638 1590 1716 1642 ut
1742 1571 1861 1665 qui
1890 1566 2079 1637 dili--

561 1670 927 1768 gentiffimi
949 1671 1205 1742 artium
1229 1669 1356 1740 scri
1407 1687 1597 1739 tores
1621 1668 2004 1737 extiterunt
2019 1717 2052 1757 ‚

564 1767 658 1838 ab
675 1766 1091 1862 eloquentia
1119 1765 1304 1862 longi
1360 1766 1495 1836 ime
1523 1761 1830 1835 fuerints

631 1862 770 1935 Via
788 1879 1019 1935 tamen
1036 1887 1221 1961 opus
1242 1860 1338 1935 est
1358 1860 1849 1962 incipientibus
1873 1913 1896 1951 ,
1921 1853 2046 1930 sed

562 1985 650 2033 ea
694 1961 897 2058 plana
933 2016 955 2052 ,
991 1961 1079 2033 &
1129 1962 1288 2034 cum
1329 1961 1416 2033 ad
1461 1959 1988 2059 ingrediendum
2015 2010 2041 2048 ,

558 2075 712 2131 tum
743 2060 829 2130 ad
856 2059 1463 2131 demonstrandum
1499 2058 1850 2158 expedita.
1897 2053 2045 2140 Eli-

564 2176 683 2254 gat
703 2157 944 2254 itaque
966 2157 1229 2255 peritus
1243 2157 1357 2230 ille
1380 2173 2040 2255 praeceptorJexom-

560 2253 761 2325 n'ibus
795 2254 1059 2355 optima
1083 2312 1107 2347 ‚
1157 2255 1236 2327 &
1261 2256 1491 2334 tradat
1526 2281 1610 2328 ea
1647 2255 1928 2331 demum
1957 2250 2040 2323 in

557 2351 911 2451 praesentia
933 2407 957 2443 ‚
999 2378 1155 2450 quae
1187 2353 1506 2450 placent,
1545 2351 1826 2426 remota
1851 2346 2040 2426 *refu-

555 2450 746 2540 tandi
770 2467 1018 2523 caetera
1042 2450 1264 2523 mora.
1292 2454 1690 2547 Sequuntur
1710 2449 1894 2523 enim
1914 2445 2040 2518 dis-

557 2548 773 2643 cipuli
817 2547 963 2658 quo
1004 2548 1308 2622 duxeris,
1364 2552 1540 2622 Mox
1584 2573 1743 2622 cum
1775 2547 2034 2619 robore

555 2645 861 2715 discendi
899 2646 1164 2717 crescet
1202 2647 1416 2717 etiam
1447 2645 1775 2734 eruditio,
1821 2644 2039 2716 Iidem

605 2738 782 2809 rimo
824 2738 1046 2812 solum
1072 2742 1212 2811 iter
1253 2743 1540 2814 credant
1572 2744 1706 2816 effe
1739 2744 1808 2814 in
1838 2740 2035 2836 quod

551 2764 1012 2926 fnducentur,
1046 2861 1214 2912 mox
1243 2837 1407 2910 illud
1432 2839 1777 2939 cognituri
1814 2839 2034 2909 etiam

555 2931 923 3028 optimum.
960 2934 1133 3006 Sunt
1165 2952 1402 3009 autem
1430 2964 1660 3037 neque
1689 2932 1979 3008 obscura
2005 2988 2031 3027 ‚

554 3053 788 3142 neque
812 3032 899 3104 ad
923 3031 1448 3131 percipiendum
1465 3033 1775 3108 difficilia
1803 3087 1827 3123 ,
1875 3035 2036 3147 quae

554 3127 926 3229 scriptores
952 3130 1235 3213 diversis
1264 3134 1708 3235 opinionibus
1734 3149 2039 3231 pertina-

1855 3249 2038 3308 ellel*
