2250 3761
289 152 428 223 Dr„
460 223 465 226 ,
501 161 889 224 ῦεκεκε
961 156 1430 221 menum.
1522 172 1674 249 4²9

168 264 662 363 docendosque
710 263 979 338 animos
1022 261 1532 359 imperitorum.
1579 269 1676 340 At

170 364 368 463 quod
389 361 579 438 libris
623 362 1031 452 dedicatur,
1065 362 1142 433 &
1176 360 1258 432 in
1277 362 1673 458 exemplum

172 460 446 551 editur,
489 459 872 535 tet-sumac
913 459 1228 532 limatum
1255 510 1278 549 ,
1314 458 1393 531 &
1437 460 1526 531 ad
1567 461 1680 534 le..

172 582 332 658 gem
369 583 451 632 ac
483 559 796 655 regulam
819 556 1279 654 compofitum
1301 556 1438 631 effe
1462 581 1678 654 opor-

175 673 329 731 tere
347 711 373 750 ‚
420 655 588 754 quia
612 653 855 729 veniat
879 655 956 726 in
983 657 1244 726 manus'
1263 655 1632 738 dostorum
1653 706 1679 746 ,

175 754 254 830 δι
279 752 549 848 judices
574 751 738 826 artis
763 751 1019 826 habeat
1048 750 1375 827 artifices.
1397 799 1421 827 .

166 893 169 894 ν
267 848 447 926 Mihi
475 875 688 923 unum
713 867 926 949 atque
964 849 1154 922 idem
1191 849 1475 925 videtur
1499 851 1683 934 bene

176 948 454 1040 dicere,
495 972 578 1022 ac
626 948 807 1022 hene
838 947 1183 1023 scrihere:
1216 974 1452 1049 neque
1490 950 1684 1025 aliud

177 1045 313 1123 effe
338 1046 576 1122 oratio
610 1046 861 1140 scripta
885 1100 915 1134 ,
937 1046 1143 1141 quim
1172 1052 1683 1120 monimentum

175 1142 469 1218 astionis
515 1139 795 1213 habitae.
842 1142 1091 1236 Itaque
1130 1141 1352 1214 nullas
1381 1168 1528 1217 non
1557 1143 1687 1241 (ut

178 1239 433 1338 opinor
507 1237 725 1311 debet
755 1235 1018 1309 habere
1045 1236 1383 1330 virtut‚e8‚
1408 1265 1555 1313 non
1578 1242 1686 1313 di-

177 1360 268 1414 co
311 1334 434 1408 nul
462 1360 509 1410 a
549 1335 750 1411 vitia.
796 1334 983 1412 Nam
1022 1333 1362 1431 imperitis
1402 1336 1686 1434 placere

180 1431 740 1604 aliquandffliae
764 1431 1021 1507 vitiosa
1052 1431 1210 1505 sunt
1232 1432 1462 1514 scim-
1688 1479 1694 1485 -

275 1532 449 1624 Quo
546 1530 560 1544 '
617 1547 814 1605 erent
859 1529 1119 1627 igitur?
1156 1530 1419 1624 Quod,
1442 1528 1683 1614 fimihi

181 1628 306 1704 des
341 1627 717 1704 concilium
739 1625 1047 1722 judicum
1068 1628 1453 1726 sapientum
1472 1679 1500 1716 ,
1534 1652 1687 1725 per·-

181 1750 392 1826 quam
440 1727 660 1801 multa
729 1724 1037 1801 recidam
1090 1751 1181 1800 ex
1241 1726 1689 1800 orationibus

181 1848 325 1900 non
385 1822 754 1901 Ciceronis
790 1823 1054 1915 modo,
1099 1823 1223 1899 fed
1267 1824 1481 1899 etiam
1532 1821 1687 1916 ejus

185 1922 305 2019 qui
356 1923 454 1997 est
492 1922 784 1997 strictior
833 1923 1057 2000 multo
1084 1977 1108 2015 ‚
1164 1921 1687 1999 Demosthenis.

185 2020 439 2119 Neque
465 2020 650 2094 enim
685 2020 969 2095 affectus
1013 2020 1304 2093 omnino
1348 2020 1689 2096 movendi

183 2134 386 2192 erunt
406 2168 434 2203 ,
483 2143 616 2193 nec
642 2142 844 2194 aures
885 2117 1345 2195 delectatione
1378 2120 1691 2195 mulcen-

184 2216 331 2308 dae,
388 2217 548 2293 cum
597 2218 812 2292 etiam
862 2218 1209 2311 prooemia
1254 2217 1692 2314 supervacua

185 2312 320 2384 esse
376 2313 563 2410 apud
611 2313 828 2391 tales,
872 2311 1280 2383 Aristoteles
1330 2310 1692 2385 existimet.

184 2407 353 2485 Non.
384 2406 567 2480 enim
609 2406 971 2479 trahemur
1005 2405 1110 2477 his
1155 2405 1258 2479 illi
1300 2406 1640 2502 sapientes
1663 2435 1686 2481 ε

189 2503 477 2602 proprie
510 2507 591 2581 &
627 2500 1087 2604 fignificanter
1131 2527 1280 2576 rem
1334 2501 1689 2596 indicare,

188 2601 608 2701 probatione
640 2600 972 2700 colligere
1000 2598 1156 2675 satis
1190 2599 1308 2674 est.

187 2786 206 2797 ,
289 2700 475 2774 Cum
510 2700 685 2773 vero
707 2699 914 2792 iudex
944 2697 1152 2773 detur
1187 2713 1306 2774 aut
1332 2700 1690 2799 populus;

188 2814 309 2875 aut
355 2822 445 2868 ex
505 2798 816 2894 populo,
865 2796 1215 2896 laturique
1276 2797 1688 2874 sententiam

187 2895 447 2970 indofti
507 2892 742 2992 saepius
803 2911 1015 2993 atque
1065 2894 1348 2972 interim
1398 2896 1682 2983 rustici;

140 2998 145 3002 ’
189 2993 427 3068 omnia
480 3017 635 3091 quae
688 2992 775 3064 ad
824 2992 1280 3067 obtinendum
1333 2994 1528 3093 quod
1584 2993 1691 3066 in·

193 3089 539 3170 tendimus
570 3143 596 3183 ‚
647 3088 963 3191 prodeffe
1015 3092 1432 3181 credemus,
1500 3089 1693 3185 adhi:
