2250 3761
296 144 435 223 DE
484 137 753 217 ,ΑΜΡ
784 150 1542 215 mrtem-roua
1646 167 1736 238 73

334 252 341 257 ”
603 238 859 309 Cavum
878 238 1172 331 converfiz
1199 239 1449 333 cuspide
1465 264 1745 309 montem
1815 252 1858 296 ⁸·
1877 238 1999 289 AEn·
2026 241 2122 309 85.—

488 338 778 428 Impulit
805 337 876 404 in
902 338 1076 406 latus
1099 388 1121 418 ,
1149 363 1225 407 ac
1248 340 1422 410 venti
1436 343 1608 409 velut
1629 366 1744 436 ag·

566 436 739 503 mine
750 432 936 521 sablo
960 487 987 521 ,

494 530 664 627 Qua*
705 535 870 602 data
885 554 1081 623 porta
1109 589 1130 615 ‚
1171 557 1411 607 ruunt:

206 646 500 734 apparet
558 644 826 728 quanta
856 628 937 699 fit
990 628 1228 711 futura
1269 631 1670 729 tempestas'

292 729 565 826 Quid?
615 728 776 802 citm
796 751 921 811 res
942 726 1394 803 atrociffimas
1427 730 1735 842 quasque

203 830 279 905 in
317 831 665 902 summam
731 825 852 922 ipfi
920 826 1291 902 extulimus
1333 827 1668 903 invidiam
1711 882 1739 921 ,

206 928 576 1005 elevamus
611 922 940 997 consulto
978 978 1005 1016 ,
1054 918 1226 1023 quo‘
1252 927 1584 1025 graviora
1629 928 1736 1007 vi-

204 1027 509 1100 deantur
525 1049 685 1122 quae
702 1020 1020 1096 secutura
1044 1023 1200 1097 sunt
1232 1051 1249 1098 t
1282 1025 1415 1107 uta
1438 1027 1732 1105 Cicero-
1765 1048 1820 1097 7·
1844 1031 1990 1088 Vm.
2006 1041 2090 1087 ιισ

206 1149 304 1197 ne
358 1123 616 1197 factum
654 1119 794 1213 est,
824 1122 984 1195 cum
1034 1120 1156 1194 illa
1192 1122 1459 1200 diceret
1483 1153 1502 1198 :
1530 1127 1733 1200 Levia

191 1226 364 1318 sunt
387 1226 514 1293 haec
531 1223 604 1290 in
635 1223 752 1292 hoc
786 1248 885 1291 reo
913 1223 1206 1295 crimina.
1228 1226 1482 1303 Mecum
1510 1228 1729 1322 virga..

202 1347 363 1397 ‚rum
404 1324 484 1393 N
486 1321 792 1393 avarchus
815 1318 1205 1415 nobilffmae
1231 1323 1510 1392 civitatis
1519 1327 1728 1414 pretio

211 1419 477 1490 redemit
500 1443 525 1487 .·
554 1419 894 1488 humanum
947 1421 1052 1520 est.
1094 1418 1303 1488 Alius
1329 1471 1354 1508 ‚
1407 1443 1487 1488 ne
1512 1422 1731 1514 ficari

189 1516 509 1609 firiretur
537 1564 566 1599 ,
608 1519 943 1608 pecuniam
1005 1516 1179 1586 dedit
1206 1543 1234 1587 .·
1262 1514 1564 1614 usitatum
1622 1519 1732 1617 est.

198 1614 467 1706 Nonne
495 1610 649 1684 usus
679 1613 775 1685 est
795 1611 1337 1687 ratiocinatione
1369 1667 1394 1704 ‚
1422 1638 1559 1711 qua
1587 1615 1732 1686 col·

202 1712 503 1811 ligerent
534 1710 903 1785 audientes
936 1767 955 1794 ,
994 1728 1332 1823 quantum
1358 1711 1530 1783 illud
1551 1711 1725 1787 effet

204 1811 401 1907 quod
428 1809 859 1884 inferebatur
878 1864 901 1901 ,
932 1832 1044 1884 ctu
1088 1828 1497 1910 comparata
1519 1808 1664 1887 haec
1694 1869 1722 1908 ,

158 1933 165 1944 ’
210 1908 519 1996 humana
542 1907 946 1985 viderentur
972 1962 997 1999 ‚
1045 1925 1259 2006 atque
1294 1911 1590 1986 ufitata?

303 2006 418 2079 Sic
445 2030 716 2104 quoque
755 2006 934 2078 solet
967 2029 1059 2077 ex
1086 2007 1229 2078 aiio
1263 2008 1449 2080 aliud
1505 2034 1719 2107 auge-

210 2101 311 2194 ri,
349 2120 432 2177 ut
461 2105 616 2176 cum
671 2102 1034 2176 Annibalis
1069 2103 1337 2179 bellicis
1396 2106 1738 2182 laudibus·

207 2202 582 2300 ampliatur
622 2202 848 2288 virtus
891 2200 1259 2299 Scipionis,
1299 2207 1387 2277 Et
1429 2204 1719 2277 fortitu-

197 2299 436 2375 dinem
464 2299 841 2374 Gallorum
878 2301 1539 2400 Germanorumque
1584 2304 1720 2374 mi·-

195 2421 484 2509 ramur,
516 2422 664 2497 quo
720 2398 801 2478 fit
852 2397 1079 2497 major
1122 2401 1212 2473 C.
1249 2400 1537 2473 Caesaris
1568 2401 1719 2497 glo-

197 2520 339 2569 ria.

306 2590 497 2663 Illud
532 2614 805 2692 quoque
834 2597 932 2685 est
974 2622 1062 2671 ex
1093 2592 1439 2670 relatione
1486 2590 1572 2664 ad
1597 2589 1724 2664 ali-¹

196 2688 428 2790 quid,
464 2690 654 2788 quod
684 2718 826 2768 non
857 2696 1006 2789 ejus
1038 2694 1145 2767 rei
1195 2690 1415 2794 gratia
1465 2690 1716 2765 dictum

195 2788 492 2864 videtur
529 2845 556 2880 ‚
621 2791 1180 2892 amplificationis
1239 2816 1475 2892 genus,
1547 2791 1614 2863 Ν
1621 2819 1717 2868 on

195 2903 448 2983 putant
513 2888 876 2999 indignum
940 2890 1235 2986 Trojani
1287 2890 1651 2990 ,principes
1687 2908 1716 2984 ,¹
1805 2933 1916 2990 Lib.
1944 2958 1992 3006 3,
2017 2941 2082 2992 η,

192 2986 476 3064 Graios·
511 2987 1010 3090 Trojanosque
1042 3005 1355 3087 ‚propter
1425 2988 1721 3061 Helenae
1746 3008 1863 3064 146·
1884 3002 1978 3060 ἃς.

191 3082 495 3191 speciem
537 3101 653 3158 tot
700 3090 889 3168 mala
904 3084 1465 3188 tantotemporis
1490 3084 1718 3184 spatio

393 3184 585 3264 Tom.
630 3187 746 3265 H.
1046 3181 1054 3200 '
1409 3183 1488 3259 D
1711 3184 1726 3200 ‘
