2250 3761
477 141 610 212 DE
668 137 1437 217 Pineum-numm.
1592 170 1725 246 ’μς

248 257 457 359 quod
476 257 786 354 legentes
806 274 953 325 non
978 252 1362 327 invenimus
1375 258 1498 326 .Et
1514 256 1757 334 hercle

251 360 422 430 ciim
456 356 741 430 valeant
785 350 1080 423 multitm
1125 350 1338 421 ‚verba
1369 375 1495 446 per
1522 354 1587 422 se
1613 406 1641 442 ,
1684 359 1765 430 δε

231 449 812 550 ’νοκρτορτίεῐη
855 448 1004 523 vim
1045 444 1325 539 adjiciat
1373 448 1581 520 rebus
1607 501 1630 538 ‚
1687 453 1771 525 δι

256 552 483 650 gestus
508 546 882 645 mott'isque
904 544 1235 644 fignificet
1263 541 1525 639 aliquid
1546 598 1568 635 ,
1599 571 1772 643 pro-

258 649 445 724 ίεᾶὸ
502 645 887 747 perfe&um
945 642 1281 742 quiddam
1346 639 1498 714 fieri
1530 693 1555 732 ,
1612 647 1770 719 clim

259 747 511 824 omnia
544 743 836 821 coierint
865 797 888 833 ,
934 740 1207 814 neceffe
1234 738 1352 813 est.

360 848 406 920 S
429 865 555 919 υΝ
583 866 648 941 ⁶¹⁸.
684 860 923 916 tamen
959 839 1370 937 qui.rudem
1414 836 1605 912 illam
1628 895 1652 931 ‚
1695 843 1777 919 δε

261 946 548 1044 qualem
583 942 887 1040 impetus
935 935 1264 1035 cujusque
1304 937 1537 1010 animi.
1564 939 1731 1026 wtulit
1752 995 1783 1033 ,

260 1043 614 1117 astionem
655 1039 965 1134 judicent
1005 1036 1415 1135 fortiorem,
1446 1041 1526 1112 &
1560 1035 1779 1113 solam

264 1140 447 1216 viris
488 1139 810 1234 dignam:
852 1135 974 1206 sed
997 1158 1154 1208 non⁴
1177 1134 1294 1205 alii
1324 1134 1472 1206 fero
1491 1185 1519 1220 ,
1568 1134 1780 1235 quant

264 1235 400 1334 qui
418 1224 731 1307 etiamin‘
760 1230 1063 1304 dicendo
1102 1254 1378 1309 cutam,
1410 1235 1485 1305 ὃ(
1518 1252 1781 1326 artem,

278 1337 363 1409 &
389 1331 690 1403 nitorem
712 1383 737 1422 ,
761 1331 843 1403 &
864 1327 1198 1426 quicquid
1212 1326 1438 1400 studio
1455 1347 1782 1425 paratur,

271 1445 357 1502 ut
389 1429 700 1501 affestata
750 1430 829 1500 &
869 1448 1115 1524 parum
1170 1426 1505 1500 naturalia
1556 1429 1786 1502 solent

273 1526 374 1600 im
406 1527 681 1615 ‚robare
712 1579 737 1618 ,
785 1524 907 1607 vel
966 1523 1087 1621 qui
1129 1523 1514 1597 verborum
1571 1544 1784 1626 atque
2016 1596 2019 1601 .

273 1553 481 1723 iplipus
509 1624 715 1697 etiam
758 1621 910 1696 soni
934 1620 1313 1696 rusticitate
1335 1676 1358 1712 ,
1384 1644 1462 1713 ut
1495 1626 1572 1699 L.
1601 1627 1784 1699 Cot.
1840 1666 1888 1716 3.
1908 1650 1968 1699 Ae
1996 1620 2146 1702 oin.

272 1740 423 1796 tam
468 1722 637 1796 dicit
689 1721 948 1796 Cicero
994 1719 1230 1803 feciffe
1248 1775 1287 1811 ‚x
1316 1718 1782 1798 imitationem
1802 1715 1972 1832 ἓξὲξ·
1984 1723 2094 1846 245⁶·

274 1818 712 1920 antiquitatis
755 1819 1094 1893 affeaant.
1155 1819 1428 1892 Verlim
1472 1819 1568 1894 illi
1621 1847 1782 1921 per·
1937 1814 1950 1829 ’
2055 1797 2110 1846 ⁹'

275 1918 585 1991 suafione
614 1918 733 1990 sua
774 1917 1091 1990 fruantur
1114 1971 1141 2009 ,
1192 1916 1314 2014 qui
1340 1918 1775 2016 hominibu8‚

275 2033 356 2089 ut
381 2016 510 2088 fint
528 2032 851 2089 oratores
876 2067 903 2101 ,
928 2014 1087 2089 satis
1116 2031 1364 2112 putant
1383 2017 1558 2093 nasci
1579 2047 1596 2092 ε
1621 2023 1779 2094 nos-

269 2130 391 2190 tro
423 2113 653 2188 labori
694 2114 861 2188 dent
902 2112 1225 2204 veniam,
1332 2114 1403 2186 ui
1429 2116 1595 2189 nihil
1625 2143 1784 2193 cre-

270 2213 502 2289 dimus
539 2213 678 2286 ess'e
730 2210 1107 2310 perfeetum
1136 2265 1161 2304 ,
1199 2211 1273 2283 ni
1366 2213 1487 2287 ubi
1533 2234 1788 2290 natura

269 2314 444 2398 cura
472 2311 782 2407 iuvetur.
1690 2323 1703 2336 ·

295 2493 302 2494 γ
375 2413 457 2481 In
484 2410 626 2481 hoc
654 2407 866 2505 igitur
905 2407 1792 2482 non-contumaciter'con-

282 2504 514 2582 sentio
536 2556 561 2595 ‚
590 2504 843 2600 primas
869 2523 1100 2601 partes
1127 2503 1266 2577 effe
1294 2520 1578 2576 naturae.
1605 2501 1792 2579 Nam

282 2601 475 2678 cert&
496 2601 675 2674 bene
695 2604 1150 2698 pronuntiare
1180 2625 1323 2696 non
1347 2600 1608 2698 poterit
1625 2656 1647 2693 ,
1676 2603 1791 2678 cui

285 2716 412 2772 aut
440 2698 515 2769 in
545 2697 811 2795 scriptis
840 2699 1185 2774 memoria
1206 2750 1234 2784 ,
1260 2716 1383 2772 aut
1420 2698 1491 2772 in
1522 2699 1606 2773 iis
1633 2725 1791 2799 quae

286 2793 519 2869 subito
542 2794 833 2870 dicenda
872 2815 1073 2871 erunt
1095 2852 1118 2888 ,
1139 2796 1438 2871 facilitas
1464 2816 1793 2898 prompta

285 2890 598 2991 defuerit
621 2945 645 2984 ,
683 2914 810 2967 nec
846 2894 897 2964 fi
938 2895 1469 2969 inemendabilia
1506 2897 1651 2969 oris
1690 2899 1797 2968 in-

285 2991 667 3067 commoda
723 2990 1109 3064 obstabunt.
1170 2996 1319 3069 Cor
1369 2995 1515 3068 oris
1583 2992 1798 3065 etiam

289 3090 519 3191 potest
550 3087 689 3169 effe
719 3088 954 3191 aliqua
982 3106 1176 3170 tanta
1216 3092 1304 3180 de
1336 3094 1621 3263 oznitas
1648 3143 1673 3188 ,
1718 3104 1801 3182 ut

701 3250 712 3258 .
1496 3214 1541 3286 ¹1
