2250 3761
472 134 578 234 84
769 142 981 211 L113.
1032 131 1281 207 VIII.
1333 127 1479 203 CA
1511 147 1580 202 P.
1614 127 1708 202 V.
1779 150 1782 153 ·

474 283 539 335 te
564 256 815 355 etiamsi
825 249 1226 351 repudiaffis.
1244 245 1524 322 Divisio
1552 244 1671 319 est.
1702 245 1823 319 Vis
1828 245 1994 342 fiira

470 356 786 434 ‘venenum
833 350 940 450 effi
989 350 1374 443 amatorium
1407 350 1447 417 ἒ
1485 348 1711 421 viveret
1749 346 1934 416 bomo
1969 364 2000 437 ‚s

482 460 603 528 niz
636 455 809 524 illud
826 446 1078 548 bibiffit.
1116 451 1629 544 Argumentum
1674 440 1795 514 est.
1838 443 1996 514 Nec

384 640 391 648 ,
460 551 734 626 'multas
769 547 1086 645 plerique
1136 542 1508 618 sententias
1541 539 1783 627 dicunt
1813 593 1839 632 ,
1878 535 2005 619 sed

480 647 723 724 omnia
774 664 1112 743 tanquam
1167 640 1563 716 sententiaS.
1991 642 1994 645 ’

474 818 481 822 ,
579 747 694 818 H1
719 767 772 818 N
797 767 845 820 c
902 742 1316 841 quibusdam
1382 736 1811 813 contrarium
1849 736 2003 810 *stu-1

472 845 720 937 dium,
759 843 881 942 qui
921 841 1194 939 fugiunt
1220 865 1303 915 ac
1342 837 1805 913 reformidant
1845 859 2000 908 om-

472 969 646 1039 ‘nem
674 944 854 1016 hanc
884 942 957 1014 in
985 939 1285 1013 dicendo
1313 937 1760 1034 voluptatem
1781 990 1804 1026 ,
1825 933 2003 1013 nihil

477 1044 866 1142 probantes
893 1039 1012 1112 nifi
1058 1040 1344 1136 planum
1371 1092 1393 1127 ‚
1432 1037 1510 1107 &
1550 1033 1815 1105 humile
1841 1087 1864 1124 ‚
1915 1034 2000 1109 &

481 1141 623 1216 fine
651 1140 1052 1217 conatu.1ta
1071 1139 1239 1210 dum
1275 1135 1524 1208 timent
1546 1158 1636 1206 ne
1677 1132 2002 1228 aliquan-

480 1241 580 1311 do
609 1240 860 1315 cadant
886 1293 910 1329 ‚
945 1236 1231 1336 semper·
1267 1233 1530 1331 jacent.
1564 1230 1783 1325 Quod
1810 1228 1999 1301 enim

481 1353 759 1436 tantum
794 1336 870 1409 in
915 1336 1259 1409 sententia
1297 1334 1488 1408 bona
1542 1331 1807 1426 crimen
1847 1325 2000 1402 est?

481 1459 632 1511 non
686 1435 907 1512 causae
951 1434 1232 1533 prodest
1256 1437 1290 1509 ἒ
1338 1456 1484 1505 non
1529 1429 2005 1522 judicemmoag

348 1584 351 1585 f
474 1536 664 1621 yet?
712 1559 858 1607 non
884 1534 1241 1608 dicentem
1273 1528 1799 1605 commendat?⁴
1847 1546 1853 1556 ⁸

583 1637 677 1706 At
710 1633 807 1707 est
855 1633 1214 1733 quoddam
1238 1653 1455 1729 genus
1481 1679 1510 1713 ,
1541 1649 1690 1722 quo
1714 1635 2007 1698 'veteres

483 1758 636 1808 ‘non
664 1733 1076 1825 utebantur.
1107 1729 1218 1800 Ad
1237 1750 1452 1823 quam
1470 1721 1687 1818 usque
1712 1743 1845 1792 nos
1870 1746 2010 1805 vo-‚

482 1831 666 1907 catis
693 1828 1113 1906 vetustatem
1133 1827 1162 1901 ἓ
1181 1825 1364 1897 Nam
1380 1821 1430 1895 fi
1449 1821 1538 1895 ad
1558 1819 1749 1893 illam
1765 1833 2009 1897 extred

488 1955 680 2016 mam
706 1982 730 2019 ,
763 1927 986 2000 multa
1010 1922 1529 2005 Demosthenes
1549 1974 1580 2011 Δ,
1643 1942 1802 2018 quae
1834 1935 2003 1994 ante

354 2117 365 2122 p
489 2052 654 2102 eum
668 2021 1312 2119 nem0.Quomodo
1328 2020 1556 2121 potest
1569 2017 2002 2093 Ciceronem

486 2125 794 2225 probare
836 2178 860 2214 ‚
912 2124 1037 2224 qui
1080 2117 1258 2196 nihil
1308 2136 1511 2220 putet
1573 2141 1662 2191 ex
1721 2120 2001 2192 Catone

480 2217 969 2321 ‘Gracchisque
1009 2219 1478 2296 mutandum?
1502 2217 1639 2293 Sed
1681 2233 1845 2291 ante
1868 2217 2005 2291 hos

486 2321 866 2421 fimplicior
899 2321 1129 2395 adhuc
1171 2317 1355 2395 ¹ratio
1395 2316 1733 2419 loquendi
1771 2314 1928 2390 fuit.

570 2425 749 2495 EGO
779 2420 958 2496 vero
980 2421 1129 2494 haec
1153 2419 1416 2494 lumina
1442 2413 1781 2496 orationis
1803 2470 1826 2507 ‚
1877 2437 2007 2501 ve-

489 2523 596 2594 lut
636 2520 890 2593 oculos
905 2519 1240 2618 quosdam
1263 2517 1401 2592 effe
1414 2511 1836 2615 eloquentiae
1861 2535 2005 2604 cre-

492 2622 620 2693 do.
650 2620 785 2692 Sed
811 2643 1042 2715 neque
1070 2617 1319 2690 oculos
1344 2616 1479 2689 effe
1513 2629 1675 2687 toto
1704 2633 2005 2709 corpore

493 2717 709 2790 velim
734 2769 756 2805 ,
792 2740 884 2785 ne
935 2729 1187 2787 caetera
1246 2713 1559 2785 membra
1615 2711 1813 2783 suum
1851 2707 2008 2779 offi-

482 2812 684 2902 cium
710 2810 1028 2907 perdant.
1077 2813 1166 2880 Et
1189 2809 1236 2882 fi
1261 2810 1531 2894 neceffe
1557 2809 1638 2880 fit
1679 2805 2006 2885 veterem

493 2910 694 2983 illum
744 2907 1114 2982 horrorem
1148 2908 1422 2983 dicendi
1449 2906 1688 2981 malim
1721 2956 1746 2991 ,
1791 2905 2006 3000 quam

492 3006 692 3103 istam
731 3029 995 3081 novam
1041 3005 1575 3079 licentiam.Sed
1609 3016 1804 3101 patet
1847 3024 2007 3071 me-

496 3105 608 3182 dia
629 3104 946 3206 quaedam
971 3102 1133 3183 via:
1163 3104 1332 3200 ficut
1360 3107 1429 3184 in
1457 3103 1648 3183 cultu
1665 3097 2005 3200 victuque
